2852 4874
256 513 293 570 m
524 486 933 572 Panarartu

174 777 177 784 ,
258 687 329 768 dit.
371 704 459 780 quae
491 701 566 758 suas
598 685 754 756 uodones
780 683 981 784 imaginihus
1018 681 1209 781 adaequmis

153 841 158 856 ·
258 829 503 908 repraermtet,
531 829 633 908 atque
657 813 693 882 lu
717 808 917 900 diuideudo‚
942 795 1130 884 deliniendo
1156 811 1211 884 ut·'

261 959 331 1039 que
361 939 618 1016 demousuaudo
656 943 846 1036 praeceptis
879 939 1019 1038 Logicis
1052 941 1209 1018 omuibus

261 1069 412 1166 partibus
449 1069 683 1163 obtemperet,
724 1068 809 1144 adeo
840 1086 880 1144 ut
911 1067 1004 1144 nulla
1030 1071 1214 1166 reperiatur

261 1198 441 1294 disciplina
454 1244 469 1290 ,
484 1205 590 1295 ''qdae
617 1197 667 1278 ad.
696 1195 780 1276 haec
796 1193 988 1294 ,praecepta
1018 1178 1220 1272 illustranda

261 1333 368 1428 magis
403 1331 449 1402 sit
480 1327 747 1404 accommodata.
823 1328 939 1426 Quare
970 1349 1010 1402 ea
1042 1329 1211 1402 institutio

257 1456 502 1534 Mathemntlca
532 1477 587 1532 aut
612 1455 772 1557 Logica,
805 1481 890 1553 quae
913 1458 999 1532 hanc
1034 1459 1210 1556 cognatio·

258 1609 337 1664 uem
355 1590 491 1663 uberius
512 1587 679 1684 carpensi,¹
703 1588 805 1683 idque
822 1585 1055 1682 comparando
1069 1587 1208 1678 efficiat,

259 1737 299 1794 ιιι
323 1715 426 1792 altera
454 1699 547 1790 alteri
580 1715 692 1790 lucem
719 1713 853 1805 afferat,
885 1717 1031 1820 ejusque
1040 1809 1042 1814 Ι
1055 1733 1203 1790 neutram
1288 1701 1295 1708 ’

261 1869 299 1922 et
321 1850 482 1919 nnuuen
507 1847 615 1942 magis
638 1843 816 1918 dilucidam
842 1843 976 1932 reddat,
1000 1866 1069 1917 uou
1095 1866 1210 1938 potest

262 1993 332 2048 non
352 1993 426 2044 esse
459 1971 552 2050 utilis
587 1991 622 2045 et
650 1973 799 2070 jucunda
821 1973 882 2062 ils,
922 1975 1042 2070 quiin
1067 1995 1207 2072 auoque
1346 2049 1350 2058 ,

259 2103 324 2176 lia'c
349 2101 500 2176 docuiua
527 2099 673 2174 sardium
699 2095 808 2174 soum*
825 2099 1009 2176 collocant.
1059 2101 1116 2178 Ex
1140 2105 1205 2178 hac

258 2233 413 2326 inprimis
437 2233 685 2327 comparatione¹
715 2221 833 2326 colligi
861 2237 994 2325 potest3
1032 2211 1103 2326 quo
1131 2209 1207 2329 jure

258 2339 430 2435 Mathesis
445 2359 594 2436 scientia
607 2364 675 2432 veri
694 2345 839 2434 numinis
861 2345 1001 2434 diceudo
1020 2363 1074 2433 sit.
1124 2359 1208 2435 Ere·

257 2493 348 2580 nitu,
369 2511 410 2566 ut
435 2491 603 2585 quaelibet
630 2487 808 2583 disciplina
831 2493 974 2563 maxime
1001 2509 1036 2562 et
1060 2491 1205 2588 diligen·

260 2621 592 2713 tissime-praecepta
619 2617 775 2690 observat
787 2615 938 2714 Lugios,
965 2619 1011 2691 lta
1035 2618 1208 2714 praeclaro

259 2747 331 2824 hoc
352 2751 491 2824 nornine
512 2749 657 2820 maxime
683 2739 736 2820 est
760 2747 871 2844 digna.
980 2752 982 2764 '

308 2863 347 2952 ln
377 2875 428 2952 hls
449 2875 725 2973 prolegomenis,
749 2895 834 2970 quae
860 2873 1032 2948 doctrinae
1062 2873 1105 2948 de
1128 2874 1206 2950 Ma·

253 3009 389 3083 theseos
409 3005 580 3078 elementis
600 3025 636 3078 et
660 3003 810 3098 partibus
835 3004 1088 3079 sublimioribus
1110 2983 1203 3080 ante-

252 3139 403 3226 cedunt,
449 3135 614 3231 ejusmodi
655 3135 897 3209 iustitutionem
938 3115 1120 3223 inchoavi,
1168 3138 1204 3210 iu

254 3291 342 3364 qua,
376 3287 537 3362 quantum
572 3268 693 3359 potul,
721 3263 951 3358 perspicuitati
975 3268 1135 3359 prospexi
1165 3284 1202 3339 et

93 3389 97 3398 ’
255 3398 431 3470 distinctae
459 3415 569 3467 renam
608 3397 755 3466 notitiae.
802 3395 862 3466 Sic
899 3395 986 3464 euim
1018 3393 1101 3490 mihi
1131 3415 1205 3487 per·

252 3529 363 3611 suasi,
416 3523 599 3620 quamlibet
644 3523 887 3595 iustitutionem
928 3519 1199 3618 Philosophiae,

250 3676 337 3752 quse
356 3677 425 3728 uon
446 3656 617 3729 distinctus
643 3671 680 3723 et
706 3653 900 3747 perspicuas
924 3653 1116 3746 suppeditet
1135 3673 1200 3728 no·

251 3785 384 3868 tiones,
404 3802 514 3878 neque
535 3782 637 3856 rebus
658 3781 835 3855 tractandis
855 3781 1006 3855 ordinem
1029 3801 1063 3855 et
1086 3781 1199 3858 lacem

135 3921 140 3932 '
249 3911 428 4008 praebeat,
441 3913 545 4006 majus
560 3911 800 4008 Philosophiae
818 3911 976 3986 dammum
987 3935 1086 4008 quarn
1104 3933 1198 3986 emo.

245 4042 429 4122 iumentum
451 4038 585 4132 ιιιιιιι,
621 4044 803 4140 quoniam,
838 4063 877 4118 ut
903 4041 988 4132 alia,
1024 4045 1070 4117 ita
1096 4047 1196 4118 etiam

520 4193 523 4200 ’
1161 4175 1195 4249 id
