2938 4856
276 445 348 522 ψ
492 371 1018 510 Pnonnoottnttn.

268 617 422 694 lautius.
444 616 508 685 Sed
525 619 601 684 ittet
613 615 917 704 thrtrpnysiostn
934 620 1105 732 pertinens.
1127 619 1219 708 Qun

272 737 354 812 diso
374 753 449 810 tunt
469 737 509 804 td
526 751 674 804 nosttutn
694 737 882 822 popositntn
905 738 1079 813 sufficiunt.

403 917 434 1020 S·
461 941 520 1019 55·
543 917 602 1000 De
625 911 801 1020 Regressa
824 919 878 998 ad
890 921 1088 1021 principt'a.
1214 915 1219 934 ¹

254 1133 257 1140 ’
317 1098 487 1192 si'verae
509 1135 584 1189 sont
606 1119 852 1191 enunciationes
879 1117 1133 1212 hypotheticam
1160 1159 1164 1168 ι
1215 1147 1218 1161 ·

469 1239 1049 1343 rta‚(i‚y‚isrrnr:oesr,·
1215 1227 1218 1238 ³

437 1369 914 1478 ‘sitestroeessrunn

465 1499 916 1600 rifestteetysunn
1098 1599 1102 1608 .

272 1641 437 1734 nequitur:
463 1637 493 1710 ri
510 1627 537 1732 ζ
556 1647 663 1732 atque
684 1627 706 1710 δ
727 1654 799 1722 ert,
826 1659 874 1724 a,
899 1631 947 1732 β,
970 1653 1022 1732 γ,
1044 1635 1075 1729 Φ
1098 1651 1189 1710 sunt.

322 1797 438 1893 Quare
459 1800 488 1869 si
515 1797 627 1892 plures
644 1799 776 1872 termini
795 1797 915 1892 prioris
942 1777 1083 1869 memori
1100 1817 1142 1866 ex
1160 1794 1221 1868 nii·

273 1947 341 2020 qun
369 1929 607 1998 enunciatione
646 1945 918 2020 consequuntur,
947 1927 1040 2004 ,haec
1066 1927 1222 1998 enuncia·

272 2057 323 2126 tio
359 2055 393 2126 in
428 2057 559 2147 priore,
597 2075 696 2151 otque
727 2055 763 2127 hi
798 2057 927 2128 termini
963 2057 999 2126 in
1039 2051 1221 2148 posteriore

273 2183 425 2256 membro
445 2181 604 2256 collocati
622 2205 773 2278 possunt.
824 2179 862 2258 Si
884 2207 950 2281 qua
973 2185 1148 2279 disciplina
1169 2199 1222 2256 est

272 2313 431 2389 omnibus
465 2315 609 2388 nnnreris
642 2313 810 2401 absoluto,
852 2317 896 2384 ita
932 2335 969 2386 ut
1000 2317 1111 2389 omnin
1147 2313 1219 2408 ejus

273 2433 403 2514 decreto
425 2464 467 2524 ex
503 2442 678 2540 principiis
705 2447 788 2518 veris
815 2465 1009 2538 sequantur,
1036 2445 1069 2515 in
1094 2459 1222 2516 mutan·

271 2571 317 2646 do
349 2573 429 2646 loco
461 2577 678 2646 terminorum
704 2593 747 2646 eo
770 2594 876 2668 usque
902 2577 998 2670 pergi
1027 2591 1159 2666 potest,
1183 2587 1222 2644 ut

268 2706 302 2776 in
334 2706 448 2797 priore
479 2703 633 2774 membro
667 2723 736 2774 non
769 2703 827 2774 aiii
867 2705 996 2774 termini
1035 2701 1223 2796 relinquan-

271 2853 344 2920 tur,
379 2833 441 2904 nisi
472 2851 532 2919 en,
570 2851 656 2926 quoe
684 2849 759 2902 sunt
783 2832 969 2932 principia,
1004 2829 1045 2902 de
1076 2850 1221 2925 quorum

269 2965 407 3038 verinte
449 2983 518 3037 non
553 2959 742 3046 dubitatur,
791 2959 851 3033 sed
885 2981 985 3054 quoe,
1005 2957 1223 3032 demonstrari

270 3109 458 3186 nequeunt3
484 3087 603 3160 eodem
625 3087 731 3159 modo
747 3107 818 3181 quo
834 3088 961 3160 nerunt
973 3085 1224 3172 Mathematici.

229 3301 234 3312 ¹
271 3219 299 3288 si
326 3220 367 3290 nd
396 3220 561 3312 posterius
588 3215 772 3288 membrum
800 3235 918 3289 ornnes
936 3217 1138 3312 aequationis
1161 3230 1224 3286 ons

272 3363 383 3416 meros
408 3347 598 3442 incognitos
622 3345 869 3430 tansferondtt,
895 3365 955 3438 per
979 3347 1082 3422 hoste
1103 3345 1225 3442 cogni·
1337 3371 1344 3382 ·

273 3491 330 3547 tos
372 3477 581 3570 incognitum
620 3495 795 3547 numerum
833 3471 1003 3547 definiunt.
1062 3471 1119 3548 Ex
1155 3475 1225 3548 hoe

73 3693 83 3712 .
150 3650 153 3656 ·
272 3589 458 3714 explientnr
475 3603 533 3691 id,
553 3601 646 3699 quod
673 3626 709 3697 p.
737 3603 818 3699 167.
849 3603 975 3678 dictum
1003 3625 1054 3677 est
1079 3603 1121 3675 de
1143 3623 1225 3698 pto·

197 3775 204 3790 ·
270 3735 438 3826 positione
468 3733 709 3826 hypothetica,
758 3753 843 3828 quae
876 3736 988 3807 omnio
1019 3733 1230 3806 theoremate·

270 3858 511 3942 Mathematica
541 3864 702 3936 continet.

321 3987 623 4096 Repraesentemus
648 4011 708 4085 pet
729 3991 842 4066 literas
865 4017 912 4079 a,
935 3989 988 4086 β,
1010 4015 1040 4090 γ
1063 4041 1118 4070 ...
1140 4012 1224 4088 pro·

171 4207 178 4222 .
273 4121 457 4214 positiones
491 4119 770 4212 Mathemtticae,
793 4125 837 4196 itt
865 4143 902 4195 ut
931 4124 1013 4222 sitt.

1112 4275 1150 4327 a.
1178 4247 1221 4324 St·
