2896 4858
290 458 367 529 ato
509 433 1035 508 Procedo-unuln
1122 515 1125 528 α

332 665 366 757 S·
393 679 452 759 73·
483 591 580 756 (luat
594 671 718 753 partes
734 653 865 730 tamar
885 652 1035 755 definitio
1059 655 1097 728 itt
1115 645 1201 748 ptr·
1221 681 1226 690 ·

491 785 644 887 jicienda
663 786 852 904 cognitione
874 783 1042 860 bumana.

317 1087 322 1097 ,
347 1014 543 1112 Quamlibet
562 1035 633 1085 tem
648 1033 713 1106 pet,
722 1014 895 1086 notionem
917 1012 1138 1108 cogitamur,
1154 1029 1242 1105 quan

296 1165 346 1218 cst
369 1165 496 1218 summa
525 1160 693 1226 notarum,
718 1161 801 1235 quaa
820 1141 869 1215 tei
891 1142 1085 1225 tribuimutt
1110 1155 1245 1240 cognot-

298 1277 417 1378 rt'mut·
435 1293 529 1360 tem,
563 1273 592 1344 si
621 1271 692 1366 ejus
720 1291 819 1345 uotae
847 1270 946 1342 nobis
968 1290 1043 1342 sunt
1065 1289 1244 1363 perceptae

300 1425 335 1474 cr
361 1403 528 1500 cognine.
588 1399 704 1496 Quare
733 1401 896 1496 cogitndo
927 1403 975 1472 tei
1003 1398 1041 1474 fit
1067 1401 1242 1496 cogrtitio,

301 1535 342 1612 ri,
360 1532 443 1605 hoec
477 1531 576 1604 notio
612 1547 670 1600 aas
697 1530 847 1602 continet
883 1549 1003 1618 nont,
1051 1550 1137 1623 quae
1165 1549 1244 1602 rete

300 1637 349 1739 tei
381 1682 458 1736 aunt
485 1657 699 1746 tribuendae,
748 1675 835 1752 qnae
861 1660 1015 1754 cognitio
1039 1676 1083 1736 eo
1110 1657 1246 1732 uberior

298 1812 367 1877 tat,
393 1811 464 1886 quo
486 1790 595 1884 nujot
622 1807 672 1860 est
698 1805 849 1860 nocetum
876 1805 1044 1862 numents.
1094 1785 1245 1882 Quocir-

301 1939 341 1990 ca
375 1919 456 1990 baec
485 1919 531 1988 rei
562 1915 716 2012 cognitio
740 1915 809 1988 duo
834 1917 989 2010 requirit:
1014 1921 1180 2014 primum,
1204 1935 1244 1990 nt

302 2047 448 2120 dilucide
470 2063 574 2139 ,arque
601 2045 758 2118 distincta
789 2047 892 2120 metiti
914 2065 1071 2140 epparett
1098 2047 1244 2120 notionis

300 2191 551 2272 argumentum,
592 2191 694 2266 atque
728 2193 765 2244 ut
792 2175 890 2246 notio
928 2185 1007 2250 eum
1041 2191 1100 2262 te,
1148 2175 1246 2269 cuiun

301 2321 352 2374 est
382 2304 501 2389 notio,
538 2303 737 2376 consemiat.
783 2299 879 2374 Prius
911 2300 1243 2394 decltmtttt-defioi·

301 2432 409 2520 tione,
435 2406 599 2528 posterius
613 2430 924 2522 demonstratione3
938 2453 1025 2529 quae
1050 2451 1245 2538 unaquelut

300 2561 435 2656 edium
462 2581 526 2649 en,
568 2581 655 2658 quoe
686 2581 795 2634 tetum
825 2578 860 2632 ct
887 2563 1127 2658 cogitationum
1160 2582 1246 2640 oon·

302 2695 443 2777 ttitunnt
489 2690 661 2778 ordinem,
711 2692 757 2761 itt
795 2692 938 2774 maxime
978 2693 1020 2766 iit
1066 2683 1254 2788 adjuratur.¹

304 2817 402 2910 Ordo
433 2819 503 2912 ipse
533 2819 756 2916 cogitatorum
782 2838 819 2891 et
848 2837 957 2892 rerum
980 2839 1028 2894 eo
1057 2825 1163 2918 magis
1189 2841 1249 2894 tte·

302 2953 465 3026 neutrius
494 2968 546 3021 est
578 2923 842 3024 interioribus
873 2948 1108 3044 intelligentiae
1133 2951 1248 3024 burna·

302 3101 393 3169 tue,
433 3079 530 3176 duod
553 3077 776 3172 perlinitus,
814 3078 936 3173 quibus
969 3081 1159 3174 conscripto
1198 3095 1250 3150 est

304 3207 533 3306 cognoscendi
575 3207 738 3295 incultas,
768 3207 872 3282 multa
905 3207 1004 3280 simul
1033 3207 1178 3284 dilucide
1210 3227 1249 3282 et

305 3337 462 3410 distincte
496 3337 607 3408 animo
641 3337 754 3409 edesse
784 3356 966 3432 nequeunt.
1031 3335 1128 3436 Quae
1157 3342 1248 3416 enim

306 3465 429 3542 lortius
453 3466 600 3537 animum
630 3484 786 3552 movent,
814 3483 849 3535 et
876 3466 1004 3558 majore
1034 3463 1112 3536 luce
1139 3466 1251 3562 splen·

305 3597 408 3682 dent,
431 3615 470 3666 ea
484 3613 611 3666 caetera
629 3593 827 3681 debilitate,
849 3595 955 3689 iisque
977 3595 1127 3666 tenebras
1141 3598 1251 3670 obdu·

173 3725 178 3736 ’
306 3746 385 3798 cere
418 3725 538 3798 s'olent.
614 3720 728 3821 Quare
756 3723 922 3795 etiamad
950 3745 1020 3796 rem
1050 3728 1251 3820 perspicien-

309 3853 385 3928 dtm
413 3873 513 3949 etque
540 3853 798 3950 investigandam
826 3873 914 3946 opus
947 3871 998 3923 est
1022 3855 1122 3926 animi
1147 3874 1252 3927 atten-

309 3987 422 4075 tione,
446 3981 481 4056 id
504 3967 580 4076 eat,
604 3981 750 4058 tollenda
775 4002 851 4056 sunt
877 4001 1094 4088 quaecuuque
1118 3983 1251 4058 adrem

344 4117 353 4132 ’
1092 4177 1098 4200 Ι
1182 4132 1251 4187 non
