2924 4854
262 410 346 486 au
482 386 1008 490 ‘Pnoueuousnn

264 586 393 663 latera·
412 579 565 680 apposita
596 580 764 678 aequalia
785 577 882 676 (a),
921 583 1031 658 eriarn
1062 583 1206 684 angulos
1389 629 1393 636 ·

270 711 430 806 oppositos
457 710 618 806 aequales
647 706 752 782 haber
774 703 862 800 (β).
912 707 1006 784 Haec
1034 732 1086 784 est
1107 731 1206 797 nota,

268 861 325 918 ex·
351 863 419 935 qua
462 839 597 912 duamm
635 840 904 912 enunciationum
949 839 1204 934 aequipollentia

260 971 481 1066 perspicitur.

319 1101 467 1184 Verum,
491 1097 618 1170 etiamsi
641 1094 881 1188 reciprocabile
904 1099 967 1169 sit:
991 1100 1018 1170 si
1041 1117 1204 1195 a‚est‚y

268 1249 321 1304 est
331 1279 343 1317 ‚
355 1248 454 1322 atque
462 1247 504 1297 ex
520 1222 592 1321 (γ)
608 1241 761 1317 sequatur
770 1221 822 1315 β,
840 1227 1028 1299 enunciatio
1039 1229 1088 1302 :si
1100 1245 1201 1316 aest,

269 1359 377 1456 lieu,
393 1377 462 1432 non
479 1373 589 1450 potest
608 1374 679 1424 esse
699 1355 967 1446 reciprocabilis,
993 1360 1056 1452 siy
1068 1379 1134 1430 non
1152 1379 1204 1428 sen

268 1494 382 1586 quitur
396 1510 438 1562 ex
456 1483 496 1580 β.
530 1483 579 1556 ltu
593 1485 778 1556 theorema:
796 1483 826 1556 si
848 1483 1023 1582 trianguli
1036 1489 1220 1572 rectilinei,

267 1641 357 1696 unus
374 1615 523 1714 angulus
551 1629 601 1689 est
625 1629 738 1688 rectus
758 1613 846 1703 (a),
871 1615 1000 1710 reliqui
1021 1633 1101 1689 suns
1122 1639 1204 1700 acu.-

268 1731 404 1840 iuli),
420 1745 505 1816 salva
523 1743 656 1814 veritate
673 1743 821 1814 converti
841 1765 907 1814 non
931 1764 1062 1836 potest.
1086 1750 1202 1818 etism·

269 1878 298 1948 si
309 1870 546 1966 reciprocabile
561 1891 629 1942 est:
646 1872 678 1943 si
693 1893 781 1944 unus
795 1873 942 1970 angulus
962 1875 1137 1972 trianguli
1152 1892 1204 1950 est

266 2020 380 2078 reclus
403 2001 492 2094 (a),
516 2002 661 2073 duorum
687 2002 898 2096 reliquorum
922 2003 1013 2086 alter
1036 2020 1088 2077 esr
1115 2025 1203 2088 cesus¹

262 2134 471 2232 plemeurunr
488 2129 631 2202 alterius
651 2129 742 2224 (γ),
768 2149 841 2200 nam
866 2150 906 2200 ex
930 2151 992 2216 eo,
1023 2131 1115 2225 quod
1135 2133 1202 2204 duo

266 2260 390 2358 auguli,
404 2277 478 2332 sunt
505 2259 593 2340 acuti
612 2252 663 2347 (β
669 2278 685 2342 1
715 2278 783 2328 non
810 2261 957 2351 sequitur
975 2259 1111 2335 alterum
1128 2283 1203 2346 esse

267 2389 556 2486 complementum,
572 2387 706 2458 ulterius
722 2383 815 2482 (y).

260 2553 263 2562 ν
315 2536 350 2611 3.
375 2515 417 2590 Si
442 2539 488 2588 ex
519 2515 643 2611 aliqua
667 2515 906 2590 enunciarioue
939 2514 1007 2612 (a)
1042 2523 1202 2616 sequitur

267 2641 364 2740 (β),
389 2643 582 2719 enunciaeio
608 2647 701 2738 (γ),
726 2667 813 2740 quae
840 2643 922 2719 leuis
948 2645 978 2740 β
1008 2665 1057 2722 est
1080 2651 1204 2746 aequi·

260 2777 417 2872 pellem,
438 2775 546 2848 eriam
576 2795 622 2854 ex
651 2799 676 2844 a
702 2776 929 2870 consequitur.
976 2777 1082 2852 Prius
1113 2783 1201 2860 euim

264 2905 412 2986 indicat:
446 2905 478 2980 si
501 2927 527 2974 a
548 2918 617 2988 est,
645 2898 675 2991 β
706 2919 777 2991 esr,·
794 2906 986 2997 posterius:
1018 2907 1049 2979 si
1071 2903 1101 2999 β
1127 2925 1202 2992 ess,

265 3049 391 3130 yesi,
422 3053 539 3126 quare:
564 3031 596 3105 si
625 3055 652 3102 re
678 3047 748 3116 esr,
776 3052 805 3125 γ
834 3049 901 3124 ess.¹
958 3033 1024 3106 Sed
1051 3037 1078 3106 si
1105 3057 1147 3113 ex
1176 3061 1202 3108 a

266 3185 335 3238 non
357 3165 502 3256 sequitur
536 3159 593 3253 β,
617 3159 707 3233 nulia
735 3163 942 3249 mundatio,
975 3164 1203 3258 aequipollens

263 3294 330 3386 ipsi
355 3285 407 3383 β,
436 3311 479 3368 ex
501 3314 527 3362 a
552 3291 710 3384 sequitur.
1184 3339 1188 3348 .

313 3443 348 3512 4.
377 3415 602 3516 Quodcunque
624 3415 695 3512 (γ)
714 3419 891 3511 sequitur,
915 3437 981 3494 aue
1004 3442 1071 3495 nun
1090 3425 1200 3519 sequi·

259 3569 327 3628 ,rur
348 3573 393 3624 ex
419 3548 656 3624 enuncluione
674 3523 733 3632 (u¹
758 3549 814 3620 uel
829 3549 922 3634 sola,
945 3551 1002 3624 rel
1020 3554 1204 3646 conjuncra

262 3703 341 3757 cum
360 3679 442 3768 qliis
458 3677 547 3751 ueris
560 3676 850 3750 enunciationibus
862 3671 946 3769 (l),
972 3677 1013 3751 id
1026 3682 1201 3774 sequitur,

258 3824 328 3886 aur
350 3829 415 3878 non
428 3805 583 3900 sequitur
600 3828 645 3878 ex
657 3804 817 3906 qualibet
834 3808 1071 3881 enuncialiune
1104 3805 1201 3914 (β),
1218 3883 1223 3896 ,

263 3949 351 4036 quae
375 3936 601 4032 aequipollens
628 3954 678 4008 err
701 3932 768 4028 ipsi
793 3943 811 4026 l
838 3931 872 4026 ).

631 4087 637 4096 ·
1069 4087 1073 4096 ·
1114 4050 1186 4140 liu
