2852 4874
377 463 896 536 Prtonsco'urrta.
1064 479 1109 558 7¹

186 679 276 748 csse,
290 675 409 754 atque,
424 680 507 753 quae
525 658 574 729 his
589 651 751 729 contt'aria
764 673 863 743 sunt,
875 672 1023 727 essenon
1037 676 1120 751 poa·

179 787 299 868 sibile,
314 808 384 857 non
404 807 492 872 esse,
508 805 579 855 esse
599 804 667 854 non
684 784 888 868 necessario,
905 779 941 851 id
960 785 1031 868 est',
1049 781 1119 854 fot·

177 918 360 990 utito‘esse
385 911 454 1006 (t)
903 917 904 920 ’

215 1045 280 1117 'At
314 1065 414 1126 vero,
448 1061 487 1114 ut
516 1041 576 1114 hae
603 1045 756 1113 notiones
779 1037 1036 1114 fundamentales
1062 1039 1120 1112 ad·

179 1175 357 1246 bibeantur
379 1170 511 1257 adres,
535 1193 631 1242 sensu
655 1193 790 1242 externo
815 1170 867 1241 vel
893 1173 1020 1241 interno
1043 1191 1120 1263 per·

180 1301 374 1395 cipiendas,
405 1299 653 1396 conjungendae
686 1321 761 1369 sunt
802 1321 880 1370 cunt
912 1302 988 1370 visis
1025 1303 1119 1394 puris

179 1433 281 1526 spatii
300 1450 335 1502 ct
358 1432 542 1524 temporis,
569 1430 726 1521 quoniam
754 1429 821 1496 sine
843 1426 894 1496 his
925 1428 1001 1520 niuis
1029 1425 1120 1498 nulla

178 1579 295 1652 potest
330 1578 403 1628 esse
441 1560 624 1652 perceptio.
676 1555 779 1652 Quod
818 1557 844 1624 si
886 1573 997 1626 autern
1019 1567 1120 1628 'cum

180 1690 254 1774 bis,
279 1709 380 1781 atque
406 1709 483 1759 cunr
515 1688 697 1759 visionibus
731 1688 825 1779 puris
851 1687 1120 1780 conjunguntur,

180 1821 347 1892 exsistunt
379 1819 531 1888 notiones
560 1835 594 1886 et
615 1807 729 1912 leges,
763 1835 847 1908 quae
871 1821 942 1884 non'
966 1834 1120 1886 sensuum

182 1949 407 2031 testimonio,
453 1945 509 2015 sed
551 1965 664 2016 natum
701 1944 865 2016 facultatis
916 1966 1121 2041 cognoscen-

181 2075 215 2146 di
241 2078 411 2146 nituntur:
437 2095 537 2166 quare
560 2073 651 2144 nulla
675 2075 858 2169 cogitatio,
889 2073 979 2144 nulla
1004 2095 1114 2146 rerunt

182 2204 382 2278 naturalium
403 2205 573 2299 cognitio,
598 2200 687 2273 nulla
701 2204 903 2295 experientia
922 2205 991 2274 sine
1010 2205 1051 2274 iis
1069 2223 1121 2276 es·

1085 2351 1122 2402 88

216 2457 265 2527 (ι)
278 2454 435 2526 categorias
444 2455 621 2511 indicavimus
631 2473 663 2508 eo
673 2455 766 2521 modu,
778 2462 810 2509 ut
819 2456 873 2510 sint
882 2457 1019 2526 principes
1029 2474 1121 2510 recum

180 2565 285 2621 notae,
309 2557 446 2626 quinobis
467 2564 495 2608 ct
515 2557 548 2608 ud
568 2557 789 2624 probabilitatem
811 2565 838 2610 ct
857 2557 890 2608 ad
901 2557 1121 2626 perspicuitatem

180 2657 362 2712 videturesse
372 2657 455 2724 magis
466 2656 587 2708 idoneus.
605 2655 706 2710 Utrum
719 2657 789 2708 ratio
802 2693 811 2721 ,
834 2675 888 2726 qna
899 2676 959 2711 usus
978 2665 1019 2710 est
1031 2655 1123 2710 Kau-

183 2757 258 2809 tius
273 2731 464 2824 incatcgoriis
474 2755 648 2820 deliniendis,
660 2763 733 2810 certa
745 2758 780 2808 sit
790 2773 839 2810 nac
848 2775 894 2820 ne,
906 2757 934 2808 id
945 2758 1123 2826 contemplari

182 2871 238 2908 non
249 2861 293 2908 est
303 2853 385 2924 hujus
394 2855 459 2908 loci.
477 2854 598 2918 Verum,
611 2863 749 2924 utcunque
767 2863 823 2920 est,
842 2857 876 2906 ad
886 2856 1057 2910 illustrandas
1067 2875 1122 2910 uo-

185 2957 275 3020 tiunes
295 2955 434 3022 principer
456 2955 616 3024 cognitionis
634 2955 780 3019 hnmanae,
803 2973 894 3008 aarum
916 2959 1049 3022 expositio
1061 2975 1124 3010 stuc

184 3057 301 3109 multum
314 3055 429 3108 confert.
448 3053 522 3126 Quas
538 3055 694 3124 Cetegorias
707 3055 831 3105 exhibuit
843 3054 1022 3119 Aristoteles,
1035 3057 1126 3128 meai-

184 3173 296 3224 ntopers
319 3157 352 3206 ab
374 3155 408 3206 iis
424 3155 569 3219 differunt,
592 3173 658 3224 quas
673 3154 824 3206 Kantion
841 3153 930 3207 docet,
966 3153 1035 3207 Sunt
1055 3155 1126 3210 enim

182 3256 335 3308 substantia
348 3290 357 3320 ,
376 3261 528 3325 quantitas,
538 3235 680 3326 nuditas,
695 3255 808 3318 relatio,
823 3257 869 3308 ubi
882 3293 891 3319 ,
904 3256 1029 3323 quando,
1041 3258 1126 3320 ritus,

183 3351 316 3419 babilon,
336 3357 431 3420 actio,
450 3357 553 3423 pussio;
572 3357 671 3426 quibus
682 3363 776 3424 postea
793 3356 899 3409 additae
915 3364 979 3410 sunt
991 3394 999 3422 ,
1012 3357 1130 3424 opposi-

180 3473 239 3524 pum
253 3491 261 3520 ,
281 3455 358 3523 prius
375 3493 384 3520 ,
402 3457 501 3520 simul,
521 3458 655 3524 posterius
667 3495 677 3522 ,
688 3465 787 3511 motus.
817 3459 879 3512 Non
896 3445 984 3509 niinus
995 3457 1072 3508 abiis
1083 3456 1131 3508 di-

183 3571 277 3606 versae
296 3563 359 3607 snut
372 3591 379 3618 ,
394 3574 460 3623 quas
478 3558 603 3623 exposuit
621 3555 778 3610 Platner.
797 3555 957 3622 Philosoph.
972 3555 1131 3622 Aphorismi

186 3653 286 3708 Persl.
301 3655 464 3724 §.ott-⁶⁵5.
490 3657 585 3726 Ktng
605 3657 739 3727 (Metapb.
758 3656 800 3710 ed.
813 3679 839 3713 2.
855 3675 883 3724 p.
891 3657 947 3724 81.)
967 3656 1130 3710 etiamnun-

185 3753 262 3804 uulla
282 3753 311 3804 in
323 3755 357 3806 iis
367 3756 490 3808 mutavit.
514 3756 583 3808 'l'res
595 3757 750 3825 Cetegorias
767 3755 872 3807 addidit
885 3793 892 3818 ,
906 3773 974 3824 quus
984 3766 1060 3809 sunt:
1073 3777 1130 3812 essu

186 3852 215 3902 in
227 3854 315 3919 spatio
326 3890 334 3916 ,
347 3872 404 3905 esse
415 3856 443 3906 in
455 3863 575 3923 tempore
588 3893 597 3922 ,
611 3863 691 3925 atque
702 3855 755 3910 alio
766 3863 887 3924 tempore
898 3873 953 3906 esse
963 3858 991 3908 iu
1002 3858 1055 3910 alio
1066 3876 1144 3927 spa..

189 3951 238 4002 tio.
247 3951 416 4022 categoriam
423 3955 576 4020 Rcalitntis,
586 3962 782 4025 quartinonum,
791 3954 824 4005 ad
835 3958 962 4025 mojorem
974 3958 1141 4027 dignitatem⁴

189 4054 348 4120 promouit,
361 4071 473 4126 eamque
488 4054 581 4126 posuit
601 4071 660 4112 case
675 4055 842 4127 principium
858 4057 945 4112 omnia
956 4060 1131 4129 'cognitionis-
