<?xml version="1.0" encoding="UTF-8"?>
<!DOCTYPE html PUBLIC "-//W3C//DTD XHTML 1.0 Transitional//EN"
    "http://www.w3.org/TR/xhtml1/DTD/xhtml1-transitional.dtd">
<html xmlns="http://www.w3.org/1999/xhtml" xml:lang="en" lang="en">
 <head>
  <title>
</title>
<meta http-equiv="Content-Type" content="text/html;charset=utf-8" />
  <meta name='ocr-system' content='tesseract 3.04.00' />
  <meta name='ocr-capabilities' content='ocr_page ocr_carea ocr_par ocr_line ocrx_word'/>
</head>
<body>
  <div class='ocr_page' id='page_1' title='image "./elementamathese01schrgoog_0307.png"; bbox 0 0 2938 4856; ppageno 0'>
   <div class='ocr_carea' id='block_1_1' title="bbox 411 405 1164 512">
    <p class='ocr_par' dir='ltr' id='par_1_1' title="bbox 411 405 1164 512">
     <span class='ocr_line' id='line_1_1' title="bbox 411 405 1164 512; baseline -0.004 -23"><span class='ocrx_word' id='word_1_1' title='bbox 411 405 945 512; x_wconf 64' lang='lat' dir='ltr'><strong>Proteoorrrqr.</strong></span> <span class='ocrx_word' id='word_1_2' title='bbox 1062 419 1164 510; x_wconf 74' lang='lat'><strong>‘295</strong></span> 
     </span>
    </p>
   </div>
   <div class='ocr_carea' id='block_1_2' title="bbox 123 637 1278 4208">
    <p class='ocr_par' dir='ltr' id='par_1_2' title="bbox 123 637 1278 4208">
     <span class='ocr_line' id='line_1_2' title="bbox 221 637 1171 736; baseline -0.008 -16"><span class='ocrx_word' id='word_1_3' title='bbox 221 649 330 720; x_wconf 70' lang='lat' dir='ltr'><strong>tauta</strong></span> <span class='ocrx_word' id='word_1_4' title='bbox 356 657 473 732; x_wconf 81' lang='lat' dir='ltr'><strong>ortum</strong></span> <span class='ocrx_word' id='word_1_5' title='bbox 498 643 569 730; x_wconf 73' lang='lat' dir='ltr'><strong>sti,</strong></span> <span class='ocrx_word' id='word_1_6' title='bbox 606 640 876 718; x_wconf 71' lang='lat' dir='ltr'><strong>autumatur..</strong></span> <span class='ocrx_word' id='word_1_7' title='bbox 919 637 1036 714; x_wconf 84' lang='lat' dir='ltr'><strong>Homo</strong></span> <span class='ocrx_word' id='word_1_8' title='bbox 1064 639 1171 736; x_wconf 85' lang='lat' dir='ltr'><strong>expli·</strong></span> 
     </span>
     <span class='ocr_line' id='line_1_3' title="bbox 222 771 1167 866; baseline -0.01 -18"><span class='ocrx_word' id='word_1_9' title='bbox 222 774 346 848; x_wconf 78' lang='lat' dir='ltr'><strong>eundae</strong></span> <span class='ocrx_word' id='word_1_10' title='bbox 376 778 512 846; x_wconf 82' lang='lat' dir='ltr'><strong>naturae</strong></span> <span class='ocrx_word' id='word_1_11' title='bbox 535 772 699 866; x_wconf 88' lang='lat' dir='ltr'><strong>cupidus,</strong></span> <span class='ocrx_word' id='word_1_12' title='bbox 723 791 791 842; x_wconf 93' lang='lat' dir='ltr'><strong>non</strong></span> <span class='ocrx_word' id='word_1_13' title='bbox 814 771 960 866; x_wconf 89' lang='lat' dir='ltr'><strong>quaerit,</strong></span> <span class='ocrx_word' id='word_1_14' title='bbox 985 791 1064 840; x_wconf 89' lang='lat' dir='ltr'><strong>nurn</strong></span> <span class='ocrx_word' id='word_1_15' title='bbox 1091 787 1167 840; x_wconf 85' lang='lat' dir='ltr'><strong>tnu·</strong></span> 
     </span>
     <span class='ocr_line' id='line_1_4' title="bbox 201 895 1167 994; baseline -0.008 -17"><span class='ocrx_word' id='word_1_16' title='bbox 201 905 408 990; x_wconf 84' lang='lat' dir='ltr'><strong>&#39;rationum,</strong></span> <span class='ocrx_word' id='word_1_17' title='bbox 429 922 609 986; x_wconf 88' lang='lat' dir='ltr'><strong>motuum,</strong></span> <span class='ocrx_word' id='word_1_18' title='bbox 633 921 828 994; x_wconf 84' lang='lat' dir='ltr'>rerumque,</span> <span class='ocrx_word' id='word_1_19' title='bbox 851 919 936 994; x_wconf 88' lang='lat' dir='ltr'><strong>quae</strong></span> <span class='ocrx_word' id='word_1_20' title='bbox 967 898 1068 987; x_wconf 86' lang='lat' dir='ltr'><strong>liant,</strong></span> <span class='ocrx_word' id='word_1_21' title='bbox 1105 895 1167 970; x_wconf 86' lang='lat' dir='ltr'><strong>all·</strong></span> 
     </span>
     <span class='ocr_line' id='line_1_5' title="bbox 222 1009 1167 1130; baseline -0.004 -26"><span class='ocrx_word' id='word_1_22' title='bbox 222 1054 289 1130; x_wconf 84' lang='lat' dir='ltr'><strong>qun</strong></span> <span class='ocrx_word' id='word_1_23' title='bbox 318 1035 362 1104; x_wconf 87' lang='lat' dir='ltr'><strong>sit</strong></span> <span class='ocrx_word' id='word_1_24' title='bbox 389 1053 507 1119; x_wconf 78' lang='lat' dir='ltr'><strong>eausa3</strong></span> <span class='ocrx_word' id='word_1_25' title='bbox 533 1009 595 1102; x_wconf 83' lang='lat' dir='ltr'><strong>irae</strong></span> <span class='ocrx_word' id='word_1_26' title='bbox 619 1030 661 1103; x_wconf 92' lang='lat' dir='ltr'><strong>de</strong></span> <span class='ocrx_word' id='word_1_27' title='bbox 686 1051 720 1102; x_wconf 88' lang='lat' dir='ltr'><strong>re</strong></span> <span class='ocrx_word' id='word_1_28' title='bbox 752 1028 841 1101; x_wconf 83' lang='lat' dir='ltr'><strong>nulla</strong></span> <span class='ocrx_word' id='word_1_29' title='bbox 871 1047 921 1100; x_wconf 90' lang='lat' dir='ltr'><strong>est</strong></span> <span class='ocrx_word' id='word_1_30' title='bbox 946 1030 1012 1122; x_wconf 86' lang='lat' dir='ltr'><strong>ipsi</strong></span> <span class='ocrx_word' id='word_1_31' title='bbox 1038 1027 1167 1100; x_wconf 86' lang='lat' dir='ltr'><strong>dubita·</strong></span> 
     </span>
     <span class='ocr_line' id='line_1_6' title="bbox 224 1158 1170 1258; baseline -0.004 -24"><span class='ocrx_word' id='word_1_32' title='bbox 224 1167 297 1248; x_wconf 93' lang='lat' dir='ltr'><strong>tio,</strong></span> <span class='ocrx_word' id='word_1_33' title='bbox 329 1161 388 1236; x_wconf 88' lang='lat' dir='ltr'><strong>sed</strong></span> <span class='ocrx_word' id='word_1_34' title='bbox 419 1164 575 1256; x_wconf 82' lang='lat' dir='ltr'><strong>inquirit,</strong></span> <span class='ocrx_word' id='word_1_35' title='bbox 613 1181 784 1258; x_wconf 80' lang='lat' dir='ltr'><em>quaenam</em></span> <span class='ocrx_word' id='word_1_36' title='bbox 820 1158 865 1232; x_wconf 82' lang='lat' dir='ltr'><strong>st&#39;t</strong></span> <span class='ocrx_word' id='word_1_37' title='bbox 899 1180 1029 1248; x_wconf 63' lang='lat' dir='ltr'><strong>cautas</strong></span> <span class='ocrx_word' id='word_1_38' title='bbox 1070 1175 1170 1253; x_wconf 80' lang='lat' dir='ltr'><strong>atque</strong></span> 
     </span>
     <span class='ocr_line' id='line_1_7' title="bbox 225 1287 1170 1386; baseline -0.004 -22"><span class='ocrx_word' id='word_1_39' title='bbox 225 1291 308 1364; x_wconf 84' lang='lat' dir='ltr'><strong>haec</strong></span> <span class='ocrx_word' id='word_1_40' title='bbox 333 1293 406 1386; x_wconf 87' lang='lat' dir='ltr'><strong>ipsa</strong></span> <span class='ocrx_word' id='word_1_41' title='bbox 427 1312 526 1364; x_wconf 87' lang='lat' dir='ltr'><strong>causa</strong></span> <span class='ocrx_word' id='word_1_42' title='bbox 550 1311 680 1386; x_wconf 85' lang='lat' dir='ltr'><strong>reperta</strong></span> <span class='ocrx_word' id='word_1_43' title='bbox 702 1311 779 1362; x_wconf 88' lang='lat' dir='ltr'><strong>eum</strong></span> <span class='ocrx_word' id='word_1_44' title='bbox 806 1289 966 1384; x_wconf 86' lang='lat' dir='ltr'><strong>impellit,</strong></span> <span class='ocrx_word' id='word_1_45' title='bbox 989 1309 1088 1384; x_wconf 80' lang='lat' dir='ltr'><strong>utque</strong></span> <span class='ocrx_word' id='word_1_46' title='bbox 1109 1287 1170 1360; x_wconf 86' lang='lat' dir='ltr'><strong>ad·</strong></span> 
     </span>
     <span class='ocr_line' id='line_1_8' title="bbox 222 1420 1168 1515; baseline -0.002 -23"><span class='ocrx_word' id='word_1_47' title='bbox 222 1441 363 1507; x_wconf 91' lang='lat' dir='ltr'><strong>monet,</strong></span> <span class='ocrx_word' id='word_1_48' title='bbox 410 1441 449 1495; x_wconf 90' lang='lat' dir='ltr'><strong>ut</strong></span> <span class='ocrx_word' id='word_1_49' title='bbox 473 1420 586 1515; x_wconf 82' lang='lat' dir='ltr'><strong>plura,</strong></span> <span class='ocrx_word' id='word_1_50' title='bbox 636 1439 674 1492; x_wconf 91' lang='lat' dir='ltr'><strong>ut</strong></span> <span class='ocrx_word' id='word_1_51' title='bbox 699 1441 839 1494; x_wconf 85' lang='lat' dir='ltr'><strong>causam</strong></span> <span class='ocrx_word' id='word_1_52' title='bbox 877 1439 1002 1492; x_wconf 83' lang='lat' dir='ltr'><strong>causae</strong></span> <span class='ocrx_word' id='word_1_53' title='bbox 1023 1435 1168 1512; x_wconf 82' lang='lat' dir='ltr'><strong>quaerat.</strong></span> 
     </span>
     <span class='ocr_line' id='line_1_9' title="bbox 225 1547 1259 1646; baseline -0.005 -24"><span class='ocrx_word' id='word_1_54' title='bbox 225 1549 360 1646; x_wconf 84' lang='lat' dir='ltr'><strong>Quare,</strong></span> <span class='ocrx_word' id='word_1_55' title='bbox 395 1571 435 1622; x_wconf 91' lang='lat' dir='ltr'><strong>ut</strong></span> <span class='ocrx_word' id='word_1_56' title='bbox 456 1552 598 1645; x_wconf 89' lang='lat' dir='ltr'><strong>quisque</strong></span> <span class='ocrx_word' id='word_1_57' title='bbox 618 1569 669 1622; x_wconf 91' lang='lat' dir='ltr'><strong>est</strong></span> <span class='ocrx_word' id='word_1_58' title='bbox 698 1551 899 1632; x_wconf 87' lang='lat' dir='ltr'><strong>acerrimus,</strong></span> <span class='ocrx_word' id='word_1_59' title='bbox 924 1565 967 1618; x_wconf 44' lang='lat' dir='ltr'><strong>wet</strong></span> <span class='ocrx_word' id='word_1_60' title='bbox 999 1547 1169 1644; x_wconf 79' lang='lat' dir='ltr'><strong>sagacissi·</strong></span> <span class='ocrx_word' id='word_1_61' title='bbox 1257 1628 1259 1633; x_wconf 45' lang='grc'><strong>,</strong></span> 
     </span>
     <span class='ocr_line' id='line_1_10' title="bbox 225 1674 1185 1774; baseline -0.004 -22"><span class='ocrx_word' id='word_1_62' title='bbox 225 1701 300 1752; x_wconf 87' lang='lat' dir='ltr'><strong>mus</strong></span> <span class='ocrx_word' id='word_1_63' title='bbox 326 1699 456 1752; x_wconf 75' lang='lat' dir='ltr'><strong>naturae</strong></span> <span class='ocrx_word' id='word_1_64' title='bbox 501 1682 731 1774; x_wconf 80' lang='lat' dir='ltr'><strong>investigator,</strong></span> <span class='ocrx_word' id='word_1_65' title='bbox 766 1680 811 1748; x_wconf 88' lang='lat' dir='ltr'><strong>ita</strong></span> <span class='ocrx_word' id='word_1_66' title='bbox 849 1678 991 1749; x_wconf 83' lang='lat' dir='ltr'><strong>maxime</strong></span> <span class='ocrx_word' id='word_1_67' title='bbox 1020 1677 1055 1748; x_wconf 91' lang='lat' dir='ltr'><strong>id</strong></span> <span class='ocrx_word' id='word_1_68' title='bbox 1100 1674 1185 1766; x_wconf 76' lang='lat' dir='ltr'><strong>sibi</strong></span> 
     </span>
     <span class='ocr_line' id='line_1_11' title="bbox 223 1807 1169 1910; baseline -0.004 -28"><span class='ocrx_word' id='word_1_69' title='bbox 223 1813 404 1906; x_wconf 81' lang='lat' dir='ltr'><strong>proponit,</strong></span> <span class='ocrx_word' id='word_1_70' title='bbox 436 1827 474 1882; x_wconf 88' lang='lat' dir='ltr'><strong>ut</strong></span> <span class='ocrx_word' id='word_1_71' title='bbox 502 1808 543 1882; x_wconf 86' lang='lat' dir='ltr'><strong>td</strong></span> <span class='ocrx_word' id='word_1_72' title='bbox 569 1810 691 1910; x_wconf 70' lang='lat' dir='ltr'><strong>pqimas</strong></span> <span class='ocrx_word' id='word_1_73' title='bbox 715 1829 828 1880; x_wconf 86' lang='lat' dir='ltr'><strong>causas</strong></span> <span class='ocrx_word' id='word_1_74' title='bbox 858 1808 964 1903; x_wconf 86' lang='lat' dir='ltr'><strong>magis</strong></span> <span class='ocrx_word' id='word_1_75' title='bbox 994 1807 1169 1902; x_wconf 80' lang='lat' dir='ltr'><strong>magisque</strong></span> 
     </span>
     <span class='ocr_line' id='line_1_12' title="bbox 224 1935 1278 2046; baseline -0.003 -34"><span class='ocrx_word' id='word_1_76' title='bbox 224 1941 490 2032; x_wconf 75' lang='lat' dir='ltr'><strong>appropinquet,</strong></span> <span class='ocrx_word' id='word_1_77' title='bbox 504 1945 623 2033; x_wconf 52' lang='lat' dir='ltr'><strong>{atque</strong></span> <span class='ocrx_word' id='word_1_78' title='bbox 653 1935 836 2032; x_wconf 89' lang='lat' dir='ltr'><strong>quamlibet</strong></span> <span class='ocrx_word' id='word_1_79' title='bbox 867 1957 999 2008; x_wconf 82' lang='lat' dir='ltr'><strong>causam</strong></span> <span class='ocrx_word' id='word_1_80' title='bbox 1031 1956 1167 2033; x_wconf 81' lang='lat' dir='ltr'><strong>genera·</strong></span> <span class='ocrx_word' id='word_1_81' title='bbox 1262 2011 1278 2046; x_wconf 40' lang='grc' dir='ltr'>Ο</span> 
     </span>
     <span class='ocr_line' id='line_1_13' title="bbox 224 2066 1224 2164; baseline 0.005 -23"><span class='ocrx_word' id='word_1_82' title='bbox 224 2069 343 2141; x_wconf 89' lang='lat' dir='ltr'><strong>liorem</strong></span> <span class='ocrx_word' id='word_1_83' title='bbox 372 2067 535 2142; x_wconf 86' lang='lat' dir='ltr'><strong>derectam</strong></span> <span class='ocrx_word' id='word_1_84' title='bbox 563 2087 700 2164; x_wconf 87' lang='lat' dir='ltr'><strong>usurpet</strong></span> <span class='ocrx_word' id='word_1_85' title='bbox 726 2067 767 2140; x_wconf 90' lang='lat' dir='ltr'><strong>ad</strong></span> <span class='ocrx_word' id='word_1_86' title='bbox 788 2066 977 2140; x_wconf 83' lang='lat' dir='ltr'><strong>illustranda</strong></span> <span class='ocrx_word' id='word_1_87' title='bbox 1004 2086 1039 2139; x_wconf 91' lang='lat' dir='ltr'><strong>et</strong></span> <span class='ocrx_word' id='word_1_88' title='bbox 1060 2066 1170 2162; x_wconf 83' lang='lat' dir='ltr'><strong>expli·</strong></span> <span class='ocrx_word' id='word_1_89' title='bbox 1219 2133 1224 2146; x_wconf 92' lang='grc'><em>,</em></span> 
     </span>
     <span class='ocr_line' id='line_1_14' title="bbox 227 2167 1216 2300; baseline 0.002 -32"><span class='ocrx_word' id='word_1_90' title='bbox 227 2197 328 2268; x_wconf 85' lang='lat' dir='ltr'><strong>candn</strong></span> <span class='ocrx_word' id='word_1_91' title='bbox 360 2217 419 2284; x_wconf 82' lang='lat' dir='ltr'><strong>ea,</strong></span> <span class='ocrx_word' id='word_1_92' title='bbox 460 2217 545 2292; x_wconf 83' lang='lat' dir='ltr'><strong>quae</strong></span> <span class='ocrx_word' id='word_1_93' title='bbox 576 2217 618 2271; x_wconf 80' lang='lat' dir='ltr'><strong>ex</strong></span> <span class='ocrx_word' id='word_1_94' title='bbox 642 2200 718 2291; x_wconf 83' lang='lat' dir='ltr'><strong>ipsu</strong></span> <span class='ocrx_word' id='word_1_95' title='bbox 754 2217 1022 2300; x_wconf 77' lang='lat' dir='ltr'><strong>consequuntur3</strong></span> <span class='ocrx_word' id='word_1_96' title='bbox 1074 2193 1168 2293; x_wconf 81' lang='lat' dir='ltr'><strong>quod</strong></span> <span class='ocrx_word' id='word_1_97' title='bbox 1210 2167 1216 2198; x_wconf 60' lang='lat'><em>¹</em></span> 
     </span>
     <span class='ocr_line' id='line_1_15' title="bbox 226 2325 1231 2422; baseline 0.006 -27"><span class='ocrx_word' id='word_1_98' title='bbox 226 2327 335 2418; x_wconf 85' lang='lat' dir='ltr'><strong>ipsum</strong></span> <span class='ocrx_word' id='word_1_99' title='bbox 360 2325 505 2398; x_wconf 88' lang='lat' dir='ltr'><strong>studium</strong></span> <span class='ocrx_word' id='word_1_100' title='bbox 524 2327 773 2422; x_wconf 78' lang='lat' dir='ltr'><strong>philosophiam</strong></span> <span class='ocrx_word' id='word_1_101' title='bbox 793 2331 934 2416; x_wconf 85' lang='lat' dir='ltr'><strong>creavit,</strong></span> <span class='ocrx_word' id='word_1_102' title='bbox 958 2326 1017 2398; x_wconf 88' lang='lat' dir='ltr'><strong>alit</strong></span> <span class='ocrx_word' id='word_1_103' title='bbox 1043 2345 1079 2397; x_wconf 86' lang='lat' dir='ltr'><strong>et</strong></span> <span class='ocrx_word' id='word_1_104' title='bbox 1094 2349 1169 2400; x_wconf 86' lang='lat' dir='ltr'><strong>sut·</strong></span> <span class='ocrx_word' id='word_1_105' title='bbox 1229 2349 1231 2356; x_wconf 89' lang='lat'>·</span> 
     </span>
     <span class='ocr_line' id='line_1_16' title="bbox 226 2453 1171 2551; baseline 0.004 -26"><span class='ocrx_word' id='word_1_106' title='bbox 226 2473 339 2526; x_wconf 84' lang='lat' dir='ltr'><strong>tentat.</strong></span> <span class='ocrx_word' id='word_1_107' title='bbox 391 2453 482 2528; x_wconf 85' lang='lat' dir='ltr'><strong>Idem</strong></span> <span class='ocrx_word' id='word_1_108' title='bbox 512 2475 621 2528; x_wconf 89' lang='lat' dir='ltr'><strong>autem</strong></span> <span class='ocrx_word' id='word_1_109' title='bbox 648 2459 675 2527; x_wconf 93' lang='lat' dir='ltr'><strong>si</strong></span> <span class='ocrx_word' id='word_1_110' title='bbox 700 2477 742 2529; x_wconf 83' lang='lat' dir='ltr'><strong>ex</strong></span> <span class='ocrx_word' id='word_1_111' title='bbox 774 2458 819 2529; x_wconf 92' lang='lat' dir='ltr'><strong>rei</strong></span> <span class='ocrx_word' id='word_1_112' title='bbox 842 2477 942 2551; x_wconf 89' lang='lat' dir='ltr'><strong>atque</strong></span> <span class='ocrx_word' id='word_1_113' title='bbox 966 2478 1096 2529; x_wconf 89' lang='lat' dir='ltr'><strong>suarum</strong></span> <span class='ocrx_word' id='word_1_114' title='bbox 1122 2455 1171 2530; x_wconf 83' lang='lat' dir='ltr'><strong>fn·</strong></span> 
     </span>
     <span class='ocr_line' id='line_1_17' title="bbox 224 2583 1171 2680; baseline 0.002 -24"><span class='ocrx_word' id='word_1_115' title='bbox 224 2583 386 2659; x_wconf 82' lang='lat' dir='ltr'><strong>cultarum</strong></span> <span class='ocrx_word' id='word_1_116' title='bbox 424 2603 537 2656; x_wconf 85' lang='lat' dir='ltr'><strong>natura</strong></span> <span class='ocrx_word' id='word_1_117' title='bbox 568 2589 760 2680; x_wconf 83' lang='lat' dir='ltr'><strong>perspexit,</strong></span> <span class='ocrx_word' id='word_1_118' title='bbox 810 2607 845 2656; x_wconf 91' lang='lat' dir='ltr'><strong>se</strong></span> <span class='ocrx_word' id='word_1_119' title='bbox 874 2589 908 2657; x_wconf 91' lang='lat' dir='ltr'><strong>in</strong></span> <span class='ocrx_word' id='word_1_120' title='bbox 934 2586 997 2658; x_wconf 87' lang='lat' dir='ltr'><strong>hnc</strong></span> <span class='ocrx_word' id='word_1_121' title='bbox 1020 2588 1102 2658; x_wconf 89' lang='lat' dir='ltr'><strong>serie</strong></span> <span class='ocrx_word' id='word_1_122' title='bbox 1127 2583 1171 2658; x_wconf 88' lang='lat' dir='ltr'><strong>ud</strong></span> 
     </span>
     <span class='ocr_line' id='line_1_18' title="bbox 224 2715 1172 2809; baseline 0.004 -25"><span class='ocrx_word' id='word_1_123' title='bbox 224 2716 352 2805; x_wconf 89' lang='lat' dir='ltr'><strong>primos</strong></span> <span class='ocrx_word' id='word_1_124' title='bbox 377 2715 534 2786; x_wconf 89' lang='lat' dir='ltr'><strong>terminos</strong></span> <span class='ocrx_word' id='word_1_125' title='bbox 552 2717 692 2808; x_wconf 90' lang='lat' dir='ltr'><strong>propius</strong></span> <span class='ocrx_word' id='word_1_126' title='bbox 715 2715 872 2786; x_wconf 87' lang='lat' dir='ltr'><strong>accedere</strong></span> <span class='ocrx_word' id='word_1_127' title='bbox 891 2737 959 2788; x_wconf 88' lang='lat' dir='ltr'><strong>noo</strong></span> <span class='ocrx_word' id='word_1_128' title='bbox 977 2736 1095 2809; x_wconf 86' lang='lat' dir='ltr'><strong>posse,</strong></span> <span class='ocrx_word' id='word_1_129' title='bbox 1119 2735 1172 2788; x_wconf 80' lang='lat' dir='ltr'><strong>sa·</strong></span> 
     </span>
     <span class='ocr_line' id='line_1_19' title="bbox 226 2843 1242 2950; baseline 0.007 -39"><span class='ocrx_word' id='word_1_130' title='bbox 226 2843 355 2934; x_wconf 88' lang='lat' dir='ltr'><strong>pienter</strong></span> <span class='ocrx_word' id='word_1_131' title='bbox 372 2863 392 2912; x_wconf 88' lang='lat' dir='ltr'><strong>a</strong></span> <span class='ocrx_word' id='word_1_132' title='bbox 411 2845 600 2936; x_wconf 90' lang='lat' dir='ltr'><strong>proposito·</strong></span> <span class='ocrx_word' id='word_1_133' title='bbox 616 2843 762 2928; x_wconf 87' lang='lat' dir='ltr'><strong>desistit,</strong></span> <span class='ocrx_word' id='word_1_134' title='bbox 787 2847 897 2914; x_wconf 83' lang='lat' dir='ltr'><strong>inanes</strong></span> <span class='ocrx_word' id='word_1_135' title='bbox 924 2844 1052 2916; x_wconf 84' lang='lat' dir='ltr'><strong>labores</strong></span> <span class='ocrx_word' id='word_1_136' title='bbox 1066 2844 1170 2918; x_wconf 89' lang='lat' dir='ltr'><strong>relin·</strong></span> <span class='ocrx_word' id='word_1_137' title='bbox 1239 2939 1242 2950; x_wconf 31' lang='grc' dir='ltr'>Ι</span> 
     </span>
     <span class='ocr_line' id='line_1_20' title="bbox 222 2963 1171 3064; baseline 0.008 -24"><span class='ocrx_word' id='word_1_138' title='bbox 222 2963 318 3064; x_wconf 83' lang='lat' dir='ltr'><strong>quit,</strong></span> <span class='ocrx_word' id='word_1_139' title='bbox 367 2985 465 3063; x_wconf 83' lang='lat' dir='ltr'><strong>atque</strong></span> <span class='ocrx_word' id='word_1_140' title='bbox 492 2971 615 3044; x_wconf 85' lang='lat' dir='ltr'><strong>mavult</strong></span> <span class='ocrx_word' id='word_1_141' title='bbox 635 2970 739 3044; x_wconf 90' lang='lat' dir='ltr'><strong>libere</strong></span> <span class='ocrx_word' id='word_1_142' title='bbox 776 2971 946 3064; x_wconf 87' lang='lat' dir='ltr'><strong>profiteri,</strong></span> <span class='ocrx_word' id='word_1_143' title='bbox 996 2995 1032 3044; x_wconf 88' lang='lat' dir='ltr'><strong>se</strong></span> <span class='ocrx_word' id='word_1_144' title='bbox 1063 2976 1171 3048; x_wconf 86' lang='lat' dir='ltr'><strong>nesci·</strong></span> 
     </span>
     <span class='ocr_line' id='line_1_21' title="bbox 223 3095 1170 3200; baseline 0.008 -32"><span class='ocrx_word' id='word_1_145' title='bbox 223 3117 281 3182; x_wconf 90' lang='lat' dir='ltr'><strong>re,</strong></span> <span class='ocrx_word' id='word_1_146' title='bbox 329 3119 431 3192; x_wconf 87' lang='lat' dir='ltr'><strong>quam</strong></span> <span class='ocrx_word' id='word_1_147' title='bbox 461 3095 710 3186; x_wconf 84' lang='lat' dir='ltr'><strong>vanis&#39;verhis,</strong></span> <span class='ocrx_word' id='word_1_148' title='bbox 727 3197 729 3200; x_wconf 6' lang='lat' dir='ltr'><strong>q</strong></span> <span class='ocrx_word' id='word_1_149' title='bbox 747 3103 869 3194; x_wconf 90' lang='lat' dir='ltr'><strong>quibus</strong></span> <span class='ocrx_word' id='word_1_150' title='bbox 887 3103 987 3174; x_wconf 87' lang='lat' dir='ltr'><strong>nulla</strong></span> <span class='ocrx_word' id='word_1_151' title='bbox 1015 3123 1065 3174; x_wconf 88' lang='lat' dir='ltr'><strong>est</strong></span> <span class='ocrx_word' id='word_1_152' title='bbox 1090 3105 1170 3176; x_wconf 89' lang='lat' dir='ltr'><strong>sub·</strong></span> 
     </span>
     <span class='ocr_line' id='line_1_22' title="bbox 123 3227 1170 3328; baseline 0.011 -34"><span class='ocrx_word' id='word_1_153' title='bbox 123 3285 128 3294; x_wconf 89' lang='lat'><strong>.</strong></span> <span class='ocrx_word' id='word_1_154' title='bbox 222 3227 311 3321; x_wconf 83' lang='lat' dir='ltr'><strong>jecta</strong></span> <span class='ocrx_word' id='word_1_155' title='bbox 328 3231 506 3318; x_wconf 85' lang='lat' dir='ltr'><strong>sententia,</strong></span> <span class='ocrx_word' id='word_1_156' title='bbox 525 3249 616 3300; x_wconf 87' lang='lat' dir='ltr'><strong>suam</strong></span> <span class='ocrx_word' id='word_1_157' title='bbox 636 3228 837 3301; x_wconf 86' lang='lat' dir='ltr'><strong>abscondere</strong></span> <span class='ocrx_word' id='word_1_158' title='bbox 857 3233 1096 3328; x_wconf 85' lang='lat' dir='ltr'><strong>ignorantiam,</strong></span> <span class='ocrx_word' id='word_1_159' title='bbox 1113 3253 1170 3306; x_wconf 88' lang='lat' dir='ltr'><strong>aut</strong></span> 
     </span>
     <span class='ocr_line' id='line_1_23' title="bbox 225 3358 1168 3454; baseline 0.007 -26"><span class='ocrx_word' id='word_1_160' title='bbox 225 3358 394 3452; x_wconf 86' lang='lat' dir='ltr'><strong>incognita</strong></span> <span class='ocrx_word' id='word_1_161' title='bbox 410 3376 473 3450; x_wconf 90' lang='lat' dir='ltr'><strong>pto</strong></span> <span class='ocrx_word' id='word_1_162' title='bbox 488 3358 652 3454; x_wconf 67' lang='lat' dir='ltr'><strong>cognipis,</strong></span> <span class='ocrx_word' id='word_1_163' title='bbox 679 3359 888 3452; x_wconf 73' lang='lat' dir='ltr'><strong>incertnpro</strong></span> <span class='ocrx_word' id='word_1_164' title='bbox 915 3361 1012 3432; x_wconf 84' lang='lat' dir='ltr'><strong>certis</strong></span> <span class='ocrx_word' id='word_1_165' title='bbox 1035 3359 1168 3436; x_wconf 76' lang='lat' dir='ltr'><strong>habere.</strong></span> 
     </span>
     <span class='ocr_line' id='line_1_24' title="bbox 274 3478 1171 3582; baseline 0.009 -29"><span class='ocrx_word' id='word_1_166' title='bbox 274 3478 379 3554; x_wconf 90' lang='lat' dir='ltr'><strong>Nulla</strong></span> <span class='ocrx_word' id='word_1_167' title='bbox 407 3486 571 3578; x_wconf 87' lang='lat' dir='ltr'><strong>regressio</strong></span> <span class='ocrx_word' id='word_1_168' title='bbox 597 3486 631 3554; x_wconf 93' lang='lat' dir='ltr'><strong>in</strong></span> <span class='ocrx_word' id='word_1_169' title='bbox 656 3485 717 3558; x_wconf 85' lang='lat' dir='ltr'><strong>hac</strong></span> <span class='ocrx_word' id='word_1_170' title='bbox 742 3488 824 3558; x_wconf 88' lang='lat' dir='ltr'><strong>serie</strong></span> <span class='ocrx_word' id='word_1_171' title='bbox 847 3486 889 3558; x_wconf 90' lang='lat' dir='ltr'><strong>ad</strong></span> <span class='ocrx_word' id='word_1_172' title='bbox 911 3491 1038 3582; x_wconf 89' lang='lat' dir='ltr'><strong>primos</strong></span> <span class='ocrx_word' id='word_1_173' title='bbox 1059 3491 1171 3562; x_wconf 88' lang='lat' dir='ltr'><strong>termi-</strong></span> 
     </span>
     <span class='ocr_line' id='line_1_25' title="bbox 225 3611 1170 3712; baseline 0.005 -26"><span class='ocrx_word' id='word_1_174' title='bbox 225 3621 288 3686; x_wconf 80' lang='lat' dir='ltr'><strong>nos</strong></span> <span class='ocrx_word' id='word_1_175' title='bbox 322 3611 539 3704; x_wconf 86' lang='lat' dir='ltr'><strong>praeclarior,</strong></span> <span class='ocrx_word' id='word_1_176' title='bbox 583 3613 674 3686; x_wconf 90' lang='lat' dir='ltr'><strong>nulla</strong></span> <span class='ocrx_word' id='word_1_177' title='bbox 714 3615 755 3688; x_wconf 82' lang='lat' dir='ltr'><strong>sd</strong></span> <span class='ocrx_word' id='word_1_178' title='bbox 787 3614 1004 3708; x_wconf 82' lang='lat' dir='ltr'><strong>explicandos</strong></span> <span class='ocrx_word' id='word_1_179' title='bbox 1045 3640 1170 3712; x_wconf 88' lang='lat' dir='ltr'><strong>corpo·</strong></span> 
     </span>
     <span class='ocr_line' id='line_1_26' title="bbox 226 3743 1242 3846; baseline 0.011 -34"><span class='ocrx_word' id='word_1_180' title='bbox 226 3761 299 3812; x_wconf 87' lang='lat' dir='ltr'><strong>rum</strong></span> <span class='ocrx_word' id='word_1_181' title='bbox 336 3743 535 3814; x_wconf 89' lang='lat' dir='ltr'><strong>terrestrium</strong></span> <span class='ocrx_word' id='word_1_182' title='bbox 566 3759 601 3812; x_wconf 88' lang='lat' dir='ltr'><strong>et</strong></span> <span class='ocrx_word' id='word_1_183' title='bbox 644 3743 842 3816; x_wconf 87' lang='lat' dir='ltr'><strong>coelestium</strong></span> <span class='ocrx_word' id='word_1_184' title='bbox 883 3765 997 3818; x_wconf 89' lang='lat' dir='ltr'><strong>motus</strong></span> <span class='ocrx_word' id='word_1_185' title='bbox 1032 3745 1171 3846; x_wconf 76' lang='lat' dir='ltr'><strong>foecuo·</strong></span> <span class='ocrx_word' id='word_1_186' title='bbox 1240 3747 1242 3752; x_wconf 78' lang='grc'><em>’</em></span> 
     </span>
     <span class='ocr_line' id='line_1_27' title="bbox 227 3869 1172 3976; baseline 0.013 -37"><span class='ocrx_word' id='word_1_187' title='bbox 227 3869 303 3976; x_wconf 90' lang='lat' dir='ltr'><strong>dior</strong></span> <span class='ocrx_word' id='word_1_188' title='bbox 317 3889 357 3940; x_wconf 90' lang='lat' dir='ltr'><strong>ea</strong></span> <span class='ocrx_word' id='word_1_189' title='bbox 372 3869 456 3955; x_wconf 85' lang='lat' dir='ltr'><strong>soit,</strong></span> <span class='ocrx_word' id='word_1_190' title='bbox 479 3889 580 3966; x_wconf 90' lang='lat' dir='ltr'><strong>quam</strong></span> <span class='ocrx_word' id='word_1_191' title='bbox 597 3869 679 3943; x_wconf 89' lang='lat' dir='ltr'><strong>iecit</strong></span> <span class='ocrx_word' id='word_1_192' title='bbox 700 3870 914 3964; x_wconf 64' lang='lat' dir='ltr'><strong>,caurum</strong></span> <span class='ocrx_word' id='word_1_193' title='bbox 936 3875 1001 3967; x_wconf 78' lang='lat' dir='ltr'><strong>qui,</strong></span> <span class='ocrx_word' id='word_1_194' title='bbox 1011 3895 1172 3971; x_wconf 87' lang='lat' dir='ltr'><strong>quaerens</strong></span> 
     </span>
     <span class='ocr_line' id='line_1_28' title="bbox 226 3998 1171 4100; baseline 0.013 -31"><span class='ocrx_word' id='word_1_195' title='bbox 226 4019 382 4086; x_wconf 83' lang='lat' dir='ltr'><strong>causam,</strong></span> <span class='ocrx_word' id='word_1_196' title='bbox 428 4019 490 4072; x_wconf 84' lang='lat' dir='ltr'><strong>cur</strong></span> <span class='ocrx_word' id='word_1_197' title='bbox 518 3999 560 4096; x_wconf 72' lang='lat' dir='ltr'><strong>iq</strong></span> <span class='ocrx_word' id='word_1_198' title='bbox 584 3998 801 4100; x_wconf 20' lang='lat' dir='ltr'><strong>mula-berre</strong></span> <span class='ocrx_word' id='word_1_199' title='bbox 828 3998 957 4092; x_wconf 85' lang='lat' dir='ltr'><strong>clausa,</strong></span> <span class='ocrx_word' id='word_1_200' title='bbox 987 4006 1017 4077; x_wconf 85' lang='lat' dir='ltr'><strong>ai</strong></span> <span class='ocrx_word' id='word_1_201' title='bbox 1043 4027 1171 4092; x_wconf 85' lang='lat' dir='ltr'><strong>sursum</strong></span> 
     </span>
     <span class='ocr_line' id='line_1_29' title="bbox 1107 4155 1173 4208; baseline 0 0"><span class='ocrx_word' id='word_1_202' title='bbox 1107 4155 1173 4208; x_wconf 52' lang='lat' dir='ltr'><strong>trad</strong></span> 
     </span>
    </p>
   </div>
   <div class='ocr_carea' id='block_1_3' title="bbox 0 0 1478 4856">
    <p class='ocr_par' dir='ltr' id='par_1_3' title="bbox 0 0 1478 4856">
     <span class='ocr_line' id='line_1_30' title="bbox 0 0 1478 4856; baseline 0 0"><span class='ocrx_word' id='word_1_203' title='bbox 0 0 1478 4856; x_wconf 95' lang='lat' dir='ltr'><strong> </strong></span> 
     </span>
    </p>
   </div>
  </div>
 </body>
</html>
