2924 4854
439 435 960 532 Pnoneeoeent.
1098 458 1168 536 ποί

102 641 106 648 ’
226 669 235 708 ¹-
307 655 372 747 q'ue
396 648 544 724 Marcus
565 667 615 750 est
635 649 733 750 filius
763 648 868 745 Cujt’3
890 665 988 738 tunt,
1013 652 1076 749 qul
1099 655 1171 729 tri·

299 780 407 875 piunt
441 778 541 866 aliis,
565 779 656 876 quel
693 779 776 853 aliis
812 779 1038 875 largiantur,
1068 797 1171 876 utque

307 910 463 983 nonnulli
483 909 636 1003 eripiunt
662 907 745 982 aliis
769 953 802 978 ..
816 927 850 996 .,·
872 908 1022 1005 angulus
1036 906 1077 980 A
1094 891 1170 982 ntae

147 1089 150 1103 .
296 1040 357 1134 jur
380 1045 430 1111 est
456 1039 582 1135 angula
605 1032 663 1124 B,
687 1055 786 1130 etque
819 1037 968 1134 angulus
997 1031 1168 1142 Beninor

303 1181 353 1240 est
380 1168 508 1264 angulo
523 1171 578 1254 A,·
594 1167 742 1262 angulus
758 1163 797 1238 A
812 1180 865 1242 est.
880 1166 1038 1260 aequalis
1057 1187 1168 1264 angu-

302 1294 334 1367 ln
354 1293 408 1380 B,
431 1307 529 1388 atque
556 1295 703 1390 ungulus
727 1290 762 1365 B
783 1308 833 1366 ett
851 1296 1010 1389 nequatts
1040 1296 1169 1394 angult

306 1419 347 1493 A.
396 1419 510 1518 Quare
531 1437 647 1494 omnes
677 1422 895 1517 aequationet
915 1422 1082 1518 ,cujusque
1106 1445 1167 1521 ge·

243 1581 246 1589 <
299 1555 405 1635 netis,
451 1561 551 1646 etque
579 1553 730 1624 universe
761 1571 877 1625 omnes
898 1539 1167 1642 enuncittionet,

231 1715 243 1752 .·
305 1699 389 1774 quae
407 1680 657 1776 aequalitatem
686 1698 744 1752 aut
766 1680 1053 1776 inaequalitatem
1074 1701 1167 1780 mag·

305 1808 459 1884 nintdinis
496 1828 532 1881 et
568 1807 694 1880 formae
733 1809 905 1898 indicunt,
942 1827 1018 1882 sunt
1040 1809 1168 1908 vacuet.

298 1939 460 2033 pollentes
484 1935 565 2034 (1).

231 2049 272 2138 B.
299 2067 381 2142 Sunt
396 2069 495 2140 etiam
509 2049 762 2142 enuntiationes
786 2067 1166 2164 aequipollenlet.,i1me'

302 2199 473 2294 qualitate
499 2212 603 2294 atque
617 2171 799 2271 'notionum
817 2197 886 2269 loct
905 2189 1074 2284 differunt,
1097 2203 1168 2268 mu·

301 2331 381 2398 t'etiu
412 2345 446 2396 et
471 2327 649 2419 quantitate
679 2327 897 2413 conveniunt,
938 2331 1040 2422 ut'qu'e
1071 2321 1163 2398 idem

299 2455 476 2540 affirmant,
499 2461 556 2526 au't
577 2469 709 2551 negant.

218 2607 221 2612 ·
275 2568 474 2677 Huiusmodi
498 2603 592 2656 sante

226 2723 261 2794 u.
289 2709 430 2796 ,onnia
452 2709 493 2784 A
513 2729 591 2786 sunt
617 2711 671 2803 Bi
695 2714 811 2793 omnia'
824 2711 880 2804 ,A
899 2735 964 2788 nun
992 2717 1074 2788 t'unt
1094 2735 1162 2816 nun

299 2840 357 2931 B‚·'
380 2843 513 2914 nullutn
527 2841 567 2913 A
578 2860 629 2915 est
649 2853 714 2914 n'an
731 2840 786 2930 B,·
809 2825 925 2917 omnia
945 2865 1010 2916 non
1028 2842 1062 2915 B
1080 2849 1162 2918 tuni
1309 2873 1316 2882 ·

198 2979 202 2986 '
300 2975 368 3043 non
380 2973 438 3059 A‚··
460 2971 552 3064 quud
564 2992 631 3042 nen
655 2987 704 3043 est
717 2968 773 3060 B,
787 2993 852 3044 nun
876 2987 925 3043 ett
947 2975 1003 3061 A,·
1025 2971 1161 3046 nullutn

225 3175 229 3188 ,
296 3113 363 3171 nun
384 3097 418 3170 B
438 3114 489 3172 eet
504 3097 549 3170 A.
611 3173 613 3179 ,
1097 3179 1099 3186 ,

228 3211 262 3298 Β.
298 3225 447 3300 Nullum
468 3227 508 3299 A
522 3242 581 3314 est
597 3213 655 3315 B,·
680 3226 811 3300 nullum
840 3219 947 3299 Bett
965 3227 1023 3318 A,·
1045 3225 1164 3321 otnttt'tt
1233 3253 1235 3260 ·

301 3358 339 3430 A
354 3374 435 3431 sunt
456 3378 521 3430 nan
542 3354 597 3444 B,·
620 3355 736 3430 omniu
758 3354 792 3427 B
811 3371 891 3428 tunt
916 3378 981 3428 nan
1004 3355 1052 3427 A.
1169 3447 1173 3456 Ι

226 3501 258 3561 e.
295 3485 478 3560 Nonnulla
501 3487 542 3557 A
562 3501 641 3558 sunt
662 3482 719 3574 B,·
742 3485 905 3558 nonnulla
928 3484 967 3557 A
988 3506 1053 3556 non
1079 3501 1162 3560 tunt

280 3633 366 3689 nun
396 3612 470 3704 B,·¹
485 3615 651 3686 nonnulla
675 3611 710 3684 B
736 3631 816 3688 tunt
841 3613 881 3685 A
886 3635 902 3702 3-
932 3614 1096 3688 nonnulla
1124 3609 1161 3686 B

221 3739 624 3818 ·mmmA

943 3843 945 3850 ¹
1015 3870 1047 3944 d.
1061 3839 1160 3944 Nan·

235 4079 239 4086 .
264 4011 308 4092 it)
324 4015 437 4076 Ml·
453 4033 487 4094 it
500 4033 545 4094 97·
561 4031 639 4114 ⁸⁶2³:
659 4087 721 4196 c..
767 4087 771 4098 .
853 4093 869 4102 ..

705 4137 727 4192 ο
