2856 4862
347 446 866 518 Puonsontnsttn.
1011 452 1081 542 rgr‘

142 647 273 732 tiones,
286 639 486 714 indefinitum
495 639 576 736 qvid
587 657 797 734 proponunt,
814 638 905 734 quod
919 637 1087 715 definies-x

138 774 218 848 dnm
243 791 298 850 est
319 774 542 866 responsione.
577 767 776 844 Pronomina
791 769 976 862 personalia
999 769 1088 846 lie-²

138 905 301 995 εἱρνοσα,
337 921 443 994 quae,
480 918 518 972 ut
542 917 658 974 omnes
684 913 783 1006 casus
812 897 963 995 obliqui,
987 899 1089 973 reia-”-

137 1036 264 1106 tionem
282 1030 324 1102 ad
341 1029 465 1125 aliquid
487 1028 665 1119 dennunt,
689 1025 915 1122 praediorum
938 1028 977 1101 ad
993 1033 1089 1104 snb-⁵
1183 1108 1185 1114 ,

133 1163 263 1258 Jecnrm
286 1162 394 1253 ipsum
418 1159 571 1232 referunt.
824 1182 828 1193 ·
1010 1189 1015 1200 ·

159 1354 161 1358 ,
187 1287 391 1364 Pronomina
414 1289 500 1359 rentii
524 1290 655 1384 generis
673 1287 1088 1388 sunrmereAdjrrrr’ra,

136 1437 239 1513 arque
255 1435 465 1511 personarum
498 1435 557 1488 rut
578 1437 706 1503 snum,
728 1416 910 1513 dequibus
943 1402 1073 1516 agitur,

137 1548 296 1621 mdbutn
319 1547 498 1642 designant.
533 1543 645 1642 Hujus
656 1548 790 1642 generis
810 1567 886 1620 sunt
901 1546 1076 1622 Pronomi·

137 1698 203 1766 na,
240 1697 328 1772 quae
349 1677 541 1770 possessiva
563 1675 726 1748 dicuutur.
992 1703 996 1710 ·
1079 1683 1084 1706 ’“

161 1827 229 1899 λ4.
245 1804 371 1878 Multis
401 1804 524 1902 linguis
562 1813 639 1878 sunt
667 1825 792 1894 voces,
828 1775 913 1901 puae
946 1805 1073 1880 additae

139 1935 370 2017 mosamius,
417 1949 473 2004 aut
495 1931 668 2006 vocabulis
702 1935 904 2007 substantive
931 1939 1072 2021 sumtis,

138 2063 328 2152 dederunt,
352 2080 462 2134 utrum
482 2081 638 2136 ettotam
666 2065 813 2136 notionis
836 2064 1006 2158 sphaeram
1024 2068 1075 2137 in·

138 2191 271 2277 dicunt,
293 2213 334 2264 sn
365 2191 493 2286 aliquid
522 2213 564 2262 err
591 2211 631 2263 ea
657 2191 792 2286 sphaera
820 2213 985 2280 sumtum,
1012 2212 1091 2265 seu·
1124 2239 1126 2242 -

138 2321 336 2406 definitum,
350 2298 407 2391 seu
428 2317 656 2406 indefinitum,
679 2319 794 2392 veluti:
817 2342 878 2394 ern
899 2343 1002 2408 marr,
1030 2323 1073 2394 de

138 2469 237 2524 man.
284 2447 583 2522 Inserviunt'etiam
598 2449 773 2544 generibus
794 2449 1072 2522 substantivorum
1125 2419 1132 2430 ⁵

138 2579 300 2654 nuundis.
350 2579 424 2654 Hae
441 2599 544 2654 voees
560 2580 714 2653 dicuntur
734 2579 910 2667 Articuli,
931 2605 1073 2676 quorum

142 2731 250 2782 umen
277 2729 354 2782 usus
390 2711 425 2780 in
456 2709 591 2781 diversis
618 2708 743 2806 linguis
777 2731 978 2808 magnopere
1010 2705 1090 2783 dii-³

140 2839 215 2914 fert.
261 2837 403 2931 Propter
425 2857 580 2934 magnam
603 2859 720 2912 eorum
742 2839 975 2934 cognationem
996 2860 1073 2913 curn

137 2965 397 3040 pronominibus
417 2986 495 3039 curn
519 2969 600 3062 ipsis
621 2985 730 3061 saepe·
748 2966 1001 3040 confunduntur.

192 3115 227 3189 5.
248 3093 382 3186 Notae,
398 3115 457 3168 seu
475 3097 656 3191 praedicans
670 3096 841 3190 Subiecti‚
854 3095 957 3189 primi
975 3113 1011 3166 et
1025 3116 1076 3166 se·

136 3225 241 3300 orodi
259 3225 385 3298 ordinis
404 3247 471 3299 uon
491 3225 600 3297 solum
616 3223 827 3319 Adiectivis,
849 3217 1077 3313 Verbis‚'Par·

138 3355 283 3448 tieipiis,
322 3353 577 3428 Pronomioibus
611 3371 646 3424 et
669 3351 862 3440 Aduerbiis,
890 3349 1074 3424 sedetiam

137 3481 371 3556 Sussramou
385 3481 600 3554 declarantur.
626 3479 731 3577 Quod
749 3479 886 3552 divertis
904 3477 1076 3556 firmodis.
1133 3503 1135 3510 ⁴

188 3633 224 3684 n.
258 3613 296 3684 si
326 3613 528 3706 utrumque,
567 3627 604 3681 et.
633 3611 818 3704 subjectum
847 3627 883 3681 et
911 3608 1078 3703 praedita·

137 3760 216 3813 tum
247 3743 510 3824 enunciationis,
557 3738 752 3811 notionibus
784 3735 1010 3833 superioribus
1042 3757 1079 3809 et

137 3869 372 3954 inferioribus,
397 3889 495 3962 atque
511 3871 611 3964 igitur
631 3867 868 3956 substantivis,
891 3879 1027 3966 genera
1042 3877 1093 3938 et·
1168 3859 1170 3866 ’

134 3999 267 4094 meiat.
282 3998 544 4094 designantibus,
568 4000 782 4096 exprimitur,
802 3997 930 4072 veluti:
961 3997 1096 4070 omnia·

994 4144 1105 4218 qua-¹
