2924 4854
408 429 927 515 Pneuenournn
1079 429 1147 531 m9

220 637 267 708 es
282 627 398 724 aliquo
405 627 582 723 principio
592 623 739 719 (e)‚est
751 624 857 698 eriam
872 641 1070 720 consequens
1079 621 1152 720 (γ)

219 753 324 852 hujus
346 757 520 852 principii
545 754 568 850 (
593 753 627 848 ).

270 883 350 957 Hoc
379 904 486 957 autem
523 887 672 956 universe
696 883 811 954 'verum
842 901 913 969 est,
937 899 1153 977 quotcunque

221 1011 287 1082 sint
313 1013 557 1084 enunciationes
581 1013 822 1082 inconnexae.
872 1009 1001 1108 Quare,
1023 1014 1051 1082 si
1073 1033 1155 1105 pro·

221 1147 390 1232 ponuntur
419 1141 662 1211 enunciationes
689 1163 735 1224 e,
758 1135 808 1230 β,
831 1159 882 1232 γ,
905 1129 949 1225 δ,
973 1163 991 1211 e
1112 1141 1158 1210 in

222 1285 411 1348 connexae,
441 1287 479 1337 ut
505 1257 718 1360 ii'sequrtur
743 1287 785 1336 ex
807 1289 849 1350 a,
876 1286 970 1360 γει
984 1262 1035 1357 β,
1060 1260 1094 1372 δ’
1112 1289 1156 1340 ex

222 1415 275 1489 y,
297 1417 314 1468 e
335 1415 378 1466 ex
403 1387 443 1481 δ,
465 1415 500 1468 et
525 1397 569 1466 ite
593 1393 758 1488 quaelibet
778 1415 820 1464 ex
842 1414 900 1464 sue
923 1394 1154 1485 antecedente,

221 1525 409 1618 esequitur
431 1543 474 1594 ex
505 1522 654 1616 qualibet
687 1523 939 1610 enunciatione,
978 1543 1061 1616 quae
1089 1526 1153 1618 ipsi

222 1651 405 1732 antecedit,
432 1652 515 1724 adeo
538 1671 597 1740 ut,
623 1654 649 1723 si
678 1651 758 1724 feisa
784 1671 853 1736 est,
886 1673 1000 1723 omnes
1024 1671 1155 1726 eutece-

220 1781 333 1854 dentes
362 1778 462 1852 falsae
491 1781 566 1851 sint.
616 1780 715 1852 Unde
745 1782 804 1854 lex
829 1796 952 1853 sexta:

269 1907 311 1983 Si
320 1911 531 2004 proponitur
553 1929 598 1981 ea
615 1911 719 1983 serien
748 1909 1045 1996 enunciationem,
1069 1927 1156 2004 qua·

219 2059 299 2112 rum
327 2037 499 2131 quaelibet
517 2054 684 2130 sequatur
707 2059 752 2110 ex
769 2034 934 2132 proxime
959 2040 1155 2114 anteceden-

219 2183 274 2250 te,
298 2166 468 2260 quaelibet
494 2187 539 2237 ex
561 2165 705 2262 singulis
741 2165 1009 2240 antecedentibus
1044 2171 1155 2265 requi·

219 2311 301 2381 rur,
321 2295 376 2367 ita
399 2311 440 2368 ur
466 2315 574 2368 ornnes
583 2290 699 2390 falsae
720 2297 813 2380 sint,
827 2296 871 2368 ·si
888 2298 963 2390 ipsa
973 2295 1077 2392 falsa
1089 2315 1150 2372 est.

267 2421 441 2516 Ejusmodi
467 2426 564 2493 series
594 2423 728 2514 praebet
747 2421 961 2518 Syllogisrnos
996 2427 1153 2517 composi·

220 2567 291 2634 ins,
313 2553 469 2644 quonism
503 2552 665 2642 posterius
701 2550 883 2620 membrum
913 2555 1152 2624 enuntiationis

163 2745 181 2763 .,
219 2682 447 2775 conpositum
468 2699 530 2750 est.
578 2679 711 2752 Etenim
735 2681 762 2749 si
785 2703 811 2749 a
833 2699 909 2752 vere
931 2699 1004 2767 est,
1027 2675 1077 2773 β,
1099 2704 1149 2777 γ,
1260 2775 1263 2784 y

219 2803 302 2901 8,e
419 2811 516 2880 etium
541 2828 634 2878 verne
659 2828 733 2880 sunt
757 2803 836 2898 (1).

267 2936 436 3030 Exemplo
467 2937 618 3007 inserviet
649 2935 883 3030 Syllogismus,
940 2956 1010 3029 quo
1048 2935 1151 3010 Cice·

218 3090 257 3141 ro
280 3065 370 3160 (n),
396 3067 437 3138 de
469 3067 650 3136 animorum
674 3062 918 3135 immortulitnte
950 3063 1146 3159 disputans,

214 3198 339 3283 utitur,
358 3213 454 3288 utque
475 3194 541 3264 hoc
557 3195 625 3266 fere
647 3191 748 3265 modo
763 3194 906 3284 proponi
919 3212 1051 3287 potest,
1076 3216 1147 3289 qun

216 3321 330 3400 melius
356 3322 542 3417 judicetur,
578 3321 659 3417 quid
683 3323 716 3392 in
740 3340 783 3392 eo
810 3343 942 3409 verum,
980 3323 1061 3416 quid
1084 3322 1148 3396 ful·

185 3473 283 3524 ¹sern
306 3453 360 3523 sit.

214 3602 246 3666 r.
264 3579 306 3654 Si
317 3595 426 3654 morte
441 3581 578 3653 animus
592 3597 627 3652 et
636 3595 757 3675 corpus
769 3583 1042 3680 exstingnuntur
1051 3574 1121 3678 (e)
1128 3629 1145 3673 ,

304 3711 435 3785 mortui
455 3731 523 3782 non
546 3727 627 3784 sunt
648 3705 733 3804 (β).
1123 3763 1125 3770 .

1053 3864 1087 3915 u.
1101 3839 1143 3914 Si

244 3891 287 4026 (t)
305 3953 415 4010 Confer.
432 3971 461 4047 q.
482 3958 539 4012 166.

246 4041 288 4127 (s)
307 4053 418 4126 Disput.
437 4051 523 4110 nure.
542 4053 566 4110 1.
584 4057 611 4111 6.
