2878 4860
390 463 915 546 Pnouuoomnunt
1031 475 1130 578 'an

190 660 301 736 fontes
325 665 529 759 cognitionis
555 664 731 753 humanae,
761 671 820 762 qui
846 669 1027 759 habentur,
1049 673 1132 748 ⁴hac

192 793 228 866 in
245 812 283 866 te
303 794 388 868 inter
411 815 446 866 se
459 841 461 846 -
475 793 648 882 differunt,
661 795 765 889 ‘quod
797 796 852 870 alii
874 799 1051 885 fortiores,
1075 801 1133 882 alii

191 920 332 999 leviores
367 927 460 1019 quasi
493 923 646 998 stimulos
681 923 723 997 ad
761 947 928 1000 assensum
965 931 1133 1010 metuunt

194 1051 405 1126 movendum·
424 1054 545 1126 habere
565 1053 747 1129 videantur.
811 1079 815 1086 ·

241 1183 289 1258 Ηί
319 1203 429 1256 autent
458 1185 659 1282 cognitionis
686 1185 847 1258 humanae
873 1185 1005 1276 sontes,
1037 1187 1133 1306 quoti

192 1317 310 1392 attinet
329 1313 371 1394 ad
398 1313 488 1389 hunc
513 1334 705 1403 assensum,
729 1315 797 1390 hoc
821 1316 890 1391 fere
917 1319 1032 1400 ordine
1058 1314 1132 1422 eoif

192 1441 326 1518 locandi
352 1443 504 1518 videntur
527 1444 610 1537 (1).
1126 1519 1129 1524 .

190 1631 196 1640 .
245 1585 276 1637 1.
300 1564 457 1658 Primum,
484 1563 599 1638 locum
633 1585 778 1660 occupat
801 1563 1017 1643 Conscientia
1041 1593 1134 1668 nota

193 1697 244 1782 tri
256 1745 277 1786 ,‚
292 1714 444 1788 suprema
456 1691 507 1790 ,de
531 1695 623 1788 omni
638 1714 719 1766 uero
743 1693 868 1788 judex,
894 1716 992 1790 atque
1016 1719 1132 1784 censat

141 1911 149 1928 υ
194 1827 370 1908 internas,
383 1824 467 1916 ¹inus
486 1822 670 1910 uberrimus
692 1823 945 1920 psychologiae.
985 1827 1133 1918 Omnem

194 1973 363 2046 assensum
401 1951 514 2026 damtu
542 1953 611 2048 iis,
648 1973 743 2046 vquae
781 1951 870 2024 clare
908 1973 943 2027 et
980 1955 1134 2044 distincte

196 2069 396 2192 enunciant,
434 2084 517 2176 quin
549 2083 716 2154 etiamne
742 2081 901 2155 cohibere
928 2081 1064 2177 quidem
1086 2087 1134 2176 ¹ala

193 2218 275 2309 ipsis
295 2232 461 2284 assensum
484 2231 632 2282 nostrum
654 2231 841 2314 possumus.
862 2265 866 2272 .
891 2209 1006 2306 Quare
1030 2233 1136 2288 enune

193 2345 376 2429 ciationes,
400 2361 442 2411 ex
471 2339 537 2410 hoc
565 2339 659 2410 fonte
692 2359 799 2426 ortas,
823 2340 1053 2433 apodicticae,
1081 2344 1135 2419 vei

194 2475 240 2546 ita
268 2490 372 2566 certas
405 2469 585 2552 habemus,
619 2485 659 2536 ut
678 2467 762 2540 nihii
788 2471 934 2543 videatur
962 2493 1033 2546 esse
1061 2496 1135 2560 cet·

195 2603 281 2684 tius,
314 2595 440 2669 veluti:
465 2593 594 2690 cogito,
618 2613 726 2678 saon,
739 2615 827 2696 ago,
846 2599 993 2690 patior,
1015 2601 1135 2691 tideo,

194 2731 304 2815 doleo,
326 2726 482 2826 gaudeo,
506 2725 627 2817 capio,
650 2723 743 2813 oolo,·
774 2746 846 2819 quo
870 2727 968 2798 etiam
991 2727 1133 2804 referen-

193 2860 254 2936 dae
281 2877 357 2930 sunt
371 2853 677 2952 pronuntiationes
700 2871 734 2923 et
754 2865 948 2949 praecepta
968 2855 1134 2936 Rationis

194 2990 403 3070 Practicae,
412 3001 518 3079 atque
529 2983 732 3057 conscientia
747 2999 899 3056 naturae
910 3001 944 3056 et
957 2963 1135 3072 libertatis

194 3091 333 3210 nostrae
359 3112 503 3188 moralis
527 3109 607 3204 (a).
656 3109 809 3210 Eundem
839 3115 938 3186 etiam
964 3135 1132 3213 assensum

195 3249 310 3344 munus
331 3243 499 3340 plerisque
526 3261 662 3328 eorum,
688 3261 773 3338 quae
795 3242 963 3318 memoria
985 3245 1072 3318 clara
1100 3267 1136 3342 et

570 3367 578 3382 ’
932 3431 936 3440 .
1045 3375 1137 3488 uis

231 3587 274 3660 (ι)
293 3559 339 3638 Do
356 3580 400 3635 hit
414 3578 557 3644 fontibus,
583 3575 719 3645 imprimit
740 3575 774 3629 tie
790 3575 954 3630 auctoritate
970 3560 1075 3632 sentus
1090 3577 1137 3632 in-

194 3687 267 3742 fimi
283 3685 364 3755 pluat
389 3679 448 3734 dixi
469 3679 499 3730 in
519 3676 670 3731 Oratione:
687 3673 723 3732 de
742 3686 843 3729 nostra
866 3679 1027 3746 cognitione
1049 3677 1141 3733 animi

193 3792 361 3858 comparata
378 3798 443 3834 cuns
458 3778 620 3848 cognitione
635 3793 728 3829 rerum
744 3792 961 3846 corporearum,
989 3773 1064 3844 dieta
1077 3793 1138 3858 pm-

196 3883 291 3948 blico,
311 3882 347 3934 A·
365 3878 443 3932 1824·
467 3891 554 3946 qaum
574 3870 734 3928 Academiae
751 3871 886 3945 negandae
905 3888 1005 3928 munus
1021 3872 1136 3934 solemni

195 3975 255 4040 fiio
273 3979 445 4052 deponerem.
469 3973 595 4043 Trajecti
611 3971 689 4029 1825.
723 3979 724 3984 ’
771 3967 774 3980 '

232 4082 275 4155 (a)
294 4079 406 4138 Confer·
421 4097 451 4152 p·
467 4075 516 4143 64,
534 4073 579 4133 65.
