2856 4862
316 441 382 518 134
525 417 1046 494 Prtooroonrnrre.

307 614 532 712 designantia,
569 632 648 685 curn
678 613 745 684 suis
780 609 965 727 'Adiectivis
1000 629 1097 704 suepe
1125 610 1244 684 locunt

306 760 475 838 occupent
500 740 755 816 Aduerbiorum.
808 741 858 814 lte
879 741 1086 816 enunciarios
1122 755 1242 834 corpus
1298 795 1303 804 .

304 872 485 972 admodum
509 839 679 962 celeriter
697 885 871 956 moretur,
905 873 941 942 in
971 870 1056 942 hane
1078 890 1240 944 montore

303 1013 425 1095 eorptu
448 1019 577 1097 magna
597 999 775 1074 celeritate
797 1013 961 1076 mutuor.

207 1157 210 1165 Δ
310 1185 320 1228 ·.
352 1128 529 1202 Caeterum
552 1149 630 1204 cunr
659 1126 835 1202 relationes
856 1127 1034 1222 praedicati
1056 1129 1098 1200 nd
1126 1147 1178 1200 res
1199 1148 1236 1202 et

302 1277 458 1353 personas
477 1275 536 1330 out
554 1257 885 1351 praepositione,nut
905 1256 1037 1330 ensibus
1051 1276 1129 1343 ,ont
1143 1275 1236 1330 utro·

301 1407 368 1482 qne
398 1385 500 1460 modo
529 1385 773 1484 significentur,
798 1404 910 1478 putet,
940 1406 1003 1458 cor
1028 1405 1097 1458 non
1125 1386 1239 1458 solnm

300 1513 495 1616 injectio&
520 1536 631 1588 verum
644 1517 741 1587 etism
749 1511 976 1610 Verbe‚qone
991 1533 1119 1608 semper
1142 1534 1239 1608 prue-

300 1641 445 1718 dicttttm
456 1643 591 1736 aliquod
605 1642 953 1731 includunt‚‹licuntur
967 1644 1120 1739 aliquem
1139 1663 1243 1738 rego·

299 1793 341 1845 re
362 1791 502 1858 carum,
521 1774 590 1844 sive
605 1773 749 1861 omisso,
766 1773 835 1852 sive
854 1769 1234 1863 addittPraepositione.

301 1896 352 2002 lit
362 1898 423 1970 hne
431 1893 604 1972 relitiones
614 1903 719 1997 nugis
729 1900 882 1977 dunncte
892 1903 1113 1994 exprimuntur
1120 1899 1237 1988 ,mul-

299 2045 333 2100 to
353 2046 429 2102 sunt
443 2028 478 2098 in
496 2029 649 2103 omnibus
667 2029 789 2126 lingon
815 2029 976 2104 vocabula
987 2076 1002 2120 ‚
1025 2031 1060 2102 in
1085 2050 1234 2123 quornm

296 2157 541 2253 compositione
552 2177 629 2232 sunt
644 2157 923 2254 Praepositiones.
948 2157 1032 2230 Soot
1049 2161 1147 2231 etium
1167 2157 1234 2230 lin·

297 2307 402 2386 guse,
423 2308 509 2384 qune
533 2289 612 2362 solis
641 2285 972 2384 Praepositionibus,
995 2309 1061 2360 non
1079 2283 1235 2379 sisaim

297 2413 620 2520 Substantiuomm,
642 2415 813 2514 designent
838 2415 1023 2488 relnnones.

305 2605 310 2648 :
344 2541 402 2618 Ex
425 2545 499 2632 his,
523 2565 608 2640 quoe
631 2545 783 2638 expositu
806 2563 902 2632 sont,
928 2544 1126 2638 perspicitur
1152 2565 1232 2626 mu·

297 2693 360 2778 trus
382 2673 578 2746 diuersurum
600 2671 772 2748 Orationis
801 2676 948 2768 portium
976 2673 1010 2744 in
1039 2672 1231 2748 winulos

299 2789 432 2892 mesa,
466 2821 500 2874 et
530 2799 638 2874 formu
672 2820 707 2873 et
747 2801 907 2876 relatione
945 2804 1231 2878 enunciationonr.

296 2929 394 3030 nlla,
417 2951 500 3028 quse
524 2930 627 3004 multu
650 2949 685 3004 et
710 2932 820 3029 gonrit
842 2931 1114 3008 incommune
1136 2931 1226 3006 lini·

295 3059 413 3134 vernuli
432 3060 485 3156 ⁴de
521 3059 697 3134 hocloco
727 3055 963 3156 explicentur,
994 3061 1231 3154 proetereonrlu

295 3191 396 3288 nobis
423 3209 512 3262 suot.
570 3189 670 3286 Quae
704 3209 822 3264 nutem
850 3193 1058 3278 notavimus,
1088 3194 1230 3287 cossntn

292 3319 477 3404 necessario
510 3318 609 3390 nobis
638 3320 705 3392 visa
733 3337 828 3407 sont,
852 3337 890 3394 ut
920 3341 1000 3394 usus
1020 3319 1228 3416 Logiomnn

297 3467 550 3548 praeceptorum
586 3449 621 3520 in
647 3447 815 3536 Muthesi,
861 3447 997 3544 ullisque
1023 3447 1231 3544 disciplinis,

297 3574 414 3650 melius
437 3575 682 3674 intelligeretur.
810 3631 815 3638 .
1151 3585 1154 3592 '

301 3780 307 3792 ,
347 3703 453 3802 Quod
470 3705 511 3780 od
524 3704 802 3802 Interjectiorter,
821 3727 901 3802 ques
918 3706 1130 3793 dicuot‚·hte
1144 3683 1230 3778 nihil

295 3829 422 3910 faciunt
435 3833 476 3906 ad
489 3855 545 3921 ea,
560 3835 601 3906 de
617 3837 736 3940 quibus
750 3837 890 3932 agimus.
914 3834 1092 3908 Suntenirn
1107 3853 1228 3919 voees,

298 3957 420 4054 quibus
443 3981 554 4036 motus
570 3963 670 4038 nniml
702 3967 952 4060 exprimuntur,
974 3984 1120 4060 quorum
1144 3981 1230 4034 con·

1143 4109 1227 4162 tem·
