2852 4874
330 1129 1027 1228 PRAEFATIO.
1142 1169 1145 1184 ·

582 1515 645 1623 L.
732 1514 786 1626 S.

259 1959 401 2076 Omnis
426 2001 622 2102 disciplina,
643 2027 723 2080 cum
747 2026 789 2104 ex
814 2009 1067 2105 investigatione
1099 2029 1155 2080 ve

208 2133 258 2222 ri,
299 2133 394 2227 cnjus
424 2131 519 2230 leges
555 2137 695 2229 exponit
729 2134 881 2233 Logica,
914 2140 1068 2226 orionas,
1104 2157 1157 2210 est
1213 2233 1217 2242 .

212 2263 307 2356 qnasi
347 2283 425 2355 pars
468 2263 627 2358 quaedam
676 2268 824 2358 practica
875 2267 946 2362 ejus
984 2265 1154 2348 habenda3

211 2405 312 2480 atque
344 2389 417 2482 ipsa
444 2387 573 2485 Logica
606 2413 670 2464 suo
704 2392 955 2488 quodammodo
987 2395 1062 2489 Jure
1089 2395 1160 2468 dis·

211 2517 347 2613 ciplina
388 2520 656 2614 disciplinarum
694 2523 856 2618 appellati
896 2543 1024 2619 potest.
1055 2529 1058 2536 '
1092 2524 1162 2596 Ve-

216 2669 292 2720 rum
321 2669 450 2742 praeter
480 2671 659 2724 commune
687 2653 755 2730 hoc
787 2652 986 2740 vinculum,
1003 2673 1094 2747 quo,
1124 2669 1162 2724 ut

214 2777 362 2872 reliquae
400 2777 617 2874 disciplinae,
675 2785 720 2854 ita
761 2780 925 2856 Mathesis
964 2803 1045 2854 cnm
1091 2781 1161 2856 Lo·

205 2908 289 3002 gion
332 2927 483 2982 connexa
521 2929 601 2999 est,
658 2910 722 2986 alia
767 2911 929 3005 quaedam
977 2913 1062 2984 inter
1102 2931 1161 2983 eas
1259 2949 1265 2980 ·.

214 3038 390 3112 intercedit
421 3041 592 3136 cognatio.
656 3021 721 3112 Ut‘
739 3041 830 3111 enim
856 3039 940 3112 haec
970 3040 1159 3136 intelligen-

218 3171 283 3248 tiae
305 3169 399 3264 leges
425 3169 646 3258 universales,
694 3171 740 3242 ita
771 3167 937 3244 Mathesis
968 3191 1024 3242 eas
1057 3191 1164 3260 expo·
1323 3213 1329 3218 -

216 3302 288 3386 nit,
331 3319 419 3394 quae
460 3299 501 3372 ad
540 3301 772 3383 intuitionem,
824 3297 878 3370 vel
928 3297 971 3372 ad
1014 3318 1163 3368 necessa·

218 3429 305 3500 rium
336 3427 431 3500 ilium
466 3428 618 3514 ordinem
643 3449 777 3512 rerum,
802 3430 860 3522 qui
886 3427 996 3520 spatio
1021 3446 1064 3500 et
1079 3445 1164 3498 tern-

59 3573 63 3580 ’
219 3535 304 3652 pore
325 3557 484 3644 efficitur,
512 3557 707 3631 referuntur.
741 3555 837 3654 Ergo
860 3574 1000 3650 utraque
1019 3553 1167 3652 discipli.

216 3706 260 3766 na
286 3703 337 3756 est
372 3682 544 3772 formeiis,
590 3686 764 3778 principiis
802 3702 839 3754 et
876 3685 1168 3786 propositionibus

214 3813 415 3926 apodicticis
434 3833 609 3900 constans,
635 3815 772 3886 scientia
790 3813 860 3884 veri
872 3812 1036 3899 nominis,
1060 3831 1162 3912 atque
1290 3849 1293 3856 ·
1381 3841 1385 3848 ·

215 3965 291 4037 pars
308 3941 473 4040 quaedatn
501 3942 795 4038 Anthropologiae
828 3940 1020 4032 psychicae.
1085 3941 1167 4016 Ma·
1259 3933 1302 4020 j

215 4075 315 4161 teria,
338 4094 438 4170 quam
468 4089 585 4148 tractat
613 4071 780 4146 Mathesis
808 4071 915 4166 ipsam
948 4071 1059 4166 aptam
1094 4071 1167 4142 red·

1093 4200 1169 4292 dir,
