2878 4860
448 425 969 528 prosperaret.
1118 451 1194 542 sffl
1241 493 1276 564 3

240 661 270 720 Α,
292 649 323 703 ie
342 653 383 702 ert
407 635 564 702 sententia
588 633 849 719 navigaturum?
871 634 934 722 qut
941 637 1070 722 potest?
1091 633 1148 702 sed
1162 639 1192 704 si

243 789 268 838 ὴ
278 753 353 838 jem
384 772 425 818 ta
453 750 510 820 boo
542 750 606 819 loco
639 747 864 838 proficiscatur
897 749 1041 818 Puteolos
1080 752 1188 820 stedia

246 912 270 954 „
288 872 448 957 triginta,
474 866 572 958 probo
593 868 741 952 margia,
770 866 846 933 borto
868 867 1105 953 gubernatore,
1127 871 1189 948 boe,

241 1029 268 1074 „
288 986 544 1076 tranquilitate:
560 983 725 1072 probabile
752 981 925 1070 rideatur,
956 1006 988 1054 te
1008 988 1086 1055 illue
1111 1008 1187 1070 rere

241 1145 266 1190 „
285 1119 397 1172 turam
424 1123 486 1171 esse
509 1103 645 1188 saltora.
667 1101 728 1187 (t)
1208 1193 1212 1202 μ

243 1273 246 1282 .
285 1219 436 1290 Mirabile
452 1232 528 1308 est,
556 1218 827 1288 Ciceronem
845 1237 913 1304 oon
927 1197 1186 1302 animadverbissa

199 1401 207 1413 ,
241 1347 341 1406 totam
371 1335 463 1404 inum
489 1355 636 1420 corruere
657 1334 938 1424 probabilitatem,
960 1340 988 1414 si
1009 1341 1090 1408 nihil
1107 1343 1191 1430 isto.

242 1463 343 1540 rum,
396 1452 514 1540 quibus
560 1473 596 1521 ea
636 1452 774 1538 nititur,
826 1456 933 1539 animo
981 1463 1190 1542 eomprehen.

239 1591 314 1646 aum
331 1631 334 1656 2
352 1585 385 1638 et
415 1585 599 1655 perceptum
633 1570 689 1640 sit.
744 1573 834 1640 Num
862 1574 1004 1660 sapienti
1040 1577 1192 1660 probabb

240 1687 272 1756 ie
300 1687 466 1772 videatur,
508 1689 661 1756 Puteolos
688 1689 812 1758 salvum
842 1709 878 1758 se
898 1708 1066 1764 venturum
1090 1713 1189 1778 esse,

241 1807 296 1880 oui
316 1824 383 1874 non
413 1820 596 1890 perceptum
616 1819 689 1890 est,
725 1807 784 1874 iter
814 1827 883 1874 esse
911 1809 1052 1895 triginta.
1070 1812 1190 1896 stadios

242 1943 337 2008 rum,
388 1921 524 2008 probum
572 1942 642 1991 esse
675 1923 859 2010 navigium,
912 1926 1031 2011 bonurn
1073 1928 1190 2012 guber·

242 2057 406 2128 notorem,
449 2041 484 2109 in
531 2039 610 2108 mati
659 2061 730 2109 esse
771 2041 1047 2128 tranquilitatem?
1089 2044 1190 2132 Quod

243 2159 272 2228 si
298 2161 374 2228 haec
411 2158 503 2226 etiam
537 2158 674 2242 ineerta,
712 2173 815 2244 atque
851 2175 973 2227 tantum
991 2192 994 2199 2
1013 2160 1191 2250 probabilia
1228 2175 1232 2185 ·

241 2291 340 2361 sunt,
373 2275 662 2360 quaeriturtatio,
695 2287 754 2344 cui
784 2277 883 2364 tnagis
905 2275 1209 2368 probabilissint,

144 2409 153 2426 ·
243 2411 337 2480 qnam
370 2412 450 2476 quae
481 2391 561 2474 ipsis
592 2393 748 2484 contraria
779 2409 870 2462 suot.
899 2475 902 2482 ‚
933 2394 969 2460 Si
1004 2377 1080 2484 haee
1108 2396 1191 2466 ratio

239 2523 377 2578 nonest
402 2506 508 2576 animo
533 2510 759 2596 conprehensa
784 2525 820 2576 et
838 2525 1008 2596 percepta,
1030 2523 1098 2578 tota
1115 2512 1193 2580 haec

240 2626 449 2716 probabilitas
473 2637 554 2694 vana
576 2627 619 2694 sit
644 2643 775 2695 necess
797 2642 861 2698 est.

198 2831 204 2842 ,
243 2803 249 2819 ,
282 2744 505 2830 Philosopbo,
528 2744 606 2829 qui,
637 2744 715 2826 quid
729 2765 852 2835 ,verum
879 2741 1059 2836 faisumque
1088 2737 1130 2816 sit
1158 2747 1193 2816 in
1258 2763 1263 2774 ·

240 2863 423 2961 toytitione
454 2861 614 2943 humana,
641 2860 797 2946 inquirit,
832 2855 866 2930 id
894 2863 927 2930 in
949 2863 1062 2948 primis
1083 2883 1197 2933 caven-

241 2981 315 3050 dum
341 2995 408 3064 est,
430 2999 471 3049 ne
491 2979 555 3066 sibi
577 2981 650 3068 ipae
672 2979 851 3051 dissentiat.
898 2979 969 3048 Sibi
998 2995 1103 3048 autem
1129 2981 1196 3050 dis*

242 3099 359 3181 sentit,
403 3097 431 3166 si
461 3099 528 3166 vita
562 3113 594 3164 et
621 3087 761 3166 actiones
795 3112 972 3184 repugnant
1006 3095 1068 3181 iia,
1113 3111 1195 3182 quae

240 3236 315 3298 „veta
340 3235 409 3284 esse
434 3215 632 3306 profitetur.¹
661 3216 696 3283 Si
723 3215 845 3282 theoria
863 3234 934 3281 cunt
960 3215 1079 3300 praxi,
1104 3215 1195 3298 qnod

240 3334 374 3424 dicunt,
403 3350 470 3400 non
490 3334 671 3415 consentit,
695 3337 842 3401 alterutra
863 3348 919 3400 aut
944 3349 1077 3416 utraque
1096 3332 1194 3401 vitio·

240 3471 277 3525 st
309 3466 370 3522 est.
426 3451 533 3536 Quare
554 3451 588 3518 id
618 3452 695 3534 satis
722 3451 847 3520 firtoum
872 3463 1091 3534 argumentum
1122 3462 1193 3516 essa

238 3571 367 3638 videtur
389 3585 500 3638 contra
523 3563 723 3638 idealismum
742 3584 773 3654 et
792 3564 1082 3656 Pyrrhonismum,
1104 3565 1194 3668 quod

240 3677 298 3756 hae
321 3686 506 3772 disciplinae
531 3706 598 3755 non
626 3700 769 3773 possunt
794 3705 860 3754 non
894 3703 1069 3770 repugnare
1094 3681 1192 3751 vitae.

239 3805 325 3878 vere
349 3804 581 3874 Fichtiust
605 3809 634 3876 si
649 3809 795 3896 practice
821 3807 874 3893 (tn
894 3802 1070 3873 actionibus
1094 3804 1190 3883 meis)

1123 3929 1189 3985 mii

277 4084 448 4159 (a)1bibant
466 4083 564 4144 c.5r.
692 4173 700 4182 .

197 4193 199 4198 '
495 4193 498 4204 ’
670 4185 767 4270 Ytt
