2856 4862
365 459 882 540 renascentur.
1031 485 1097 546 ror

163 701 235 770 trit
286 659 498 846 ἕξει-Ξ,
530 699 588 776 ubi
612 713 663 775 Ax
684 721 718 779 et
749 717 800 798 Ay
829 707 973 781 indicant
1003 725 1106 782 mum-

165 883 276 956 tionea
303 885 511 980 ipsiusmet
534 901 570 974 y.
701 951 703 958 ,
1022 979 1025 986 ,

213 1010 323 1108 Quod
350 1029 459 1084 autem
487 1014 602 1084 attinet
625 1013 666 1086 ad
693 1013 921 1110 aequoitaten
958 1015 1106 1106 fornae.

163 1159 267 1236 quam
282 1139 572 1238 -uniflrrmt’tatem
609 1139 774 1234 appellare
803 1164 1000 1236 possumus.
1041 1144 1108 1220 dif-

163 1268 261 1342 ficile
289 1269 380 1342 dictu
408 1269 551 1353 videtur.
580 1291 719 1366 quanam
748 1272 781 1342 in
801 1293 836 1342 re
862 1275 1107 1346 universecon·

163 1401 280 1488 nutat,
307 1401 334 1470 si
361 1398 402 1472 ad
426 1420 523 1472 unam
547 1395 771 1472 definitionem
801 1399 985 1496 generalem
1004 1402 1105 1474 refer-

163 1547 201 1618 re
234 1525 391 1600 voionus
428 1547 483 1602 eas
521 1527 747 1614 definitiones,
779 1549 860 1622 quas
894 1529 935 1600 de
959 1527 1105 1602 diverso·

164 1675 242 1746 rum
269 1653 481 1752 Quantorum
515 1657 738 1730 uniformitate
767 1655 843 1727 dare
885 1654 994 1728 solent
1027 1656 1106 1730 Ma·

164 1785 367 1872 thematici3
404 1784 445 1857 ad
472 1783 564 1880 quod
593 1783 744 1874 accedit,
781 1802 819 1858 ut
847 1786 881 1856 in
911 1784 963 1856 his
991 1783 1107 1856 defiui-

163 1913 261 2000 endia
292 1933 361 1992 uon
389 1933 521 2008 semper
551 1914 634 1984 iuter
662 1933 698 1984 se
729 1915 938 1992 conveniant.
996 1899 1104 2010 Quod
1209 1927 1220 1958 ⁶

162 2042 268 2120 nobis
302 2040 364 2117 hac
400 2039 443 2112 de
479 2061 516 2114 re
547 2040 718 2134 probabile
765 2041 942 2129 videant,
988 2045 1104 2137 paucio

157 2169 232 2263 hm
257 2171 443 2273 notavimus
474 2175 534 2262 (p.
558 2168 660 2261 am),
685 2171 777 2264 quod
813 2169 880 2244 hoe
914 2165 995 2246 loco
1020 2171 1104 2246 ube·

163 2301 238 2379 rius
258 2317 310 2370 eat
332 2297 588 2392 exponendum,
610 2301 766 2392 quoniam
786 2299 904 2394 »agitur
924 2297 966 2370 de
988 2301 1102 2372 notio·

162 2453 206 2508 ne
236 2428 309 2524 ejus
339 2429 568 2526 aequalitatis,
604 2449 689 2524 quae
718 2431 753 2500 iu
782 2427 980 2502 Geometria
1011 2427 1103 2502 latia·

160 2562 246 2634 sime
271 2576 384 2652 petet,
409 2575 509 2651 atque
538 2559 658 2630 summi
683 2575 735 2629 est
766 2559 940 2630 momenti.

206 2685 251 2760 In
282 2686 374 2758 omui
409 2683 545 2781 Quanto
583 2683 650 2759 duo
683 2681 916 2758 consideranda
959 2684 1099 2776 dantur,

162 2813 399 2908 formamque
434 2811 637 2908 magnitudo.
708 2809 803 2910 Quid
832 2815 1023 2911 magnitudo
1056 2817 1101 2888 sit

161 2942 318 3022 vidimus.
356 2939 496 3022 ‚Forma
518 2961 569 3014 est
589 2941 729 3026 modus,
752 2962 822 3035 quo
847 2942 928 3038 quid
956 2963 1100 3036 compo·

158 3072 262 3154 eitum
290 3089 352 3144 est.
402 3069 442 3142 ln
466 3071 527 3144 hac
551 3069 673 3144 Forma
701 3067 952 3163 contemplanda
972 3073 1099 3168 magui·

159 3199 284 3288 tudinis
317 3200 459 3293 partium
481 3217 582 3293 atque
608 3199 750 3270 limitum
772 3198 862 3270 nulla
887 3197 1024 3306 habetur
1047 3221 1098 3274 ra.

160 3331 237 3416 tio,
258 3326 318 3402 sed
338 3319 463 3402 tanum
492 3325 603 3408 nodi,
626 3349 697 3422 quo
719 3329 803 3406 iuter
831 3347 867 3398 se
896 3327 1097 3421 conjunctae

158 3477 258 3544 utut,
281 3475 381 3552 atque
399 3472 509 3530 totum
526 3453 692 3554 quoddam
708 3457 862 3530 formant.
899 3455 979 3530 Duo
993 3457 1095 3552 igitur

159 3583 299 3682 Quanta
335 3586 513 3658 uniformia
535 3605 631 3672 sont,
662 3587 690 3656 si
721 3606 827 3677 partes
854 3605 952 3679 atque
974 3584 1093 3660 limites

134 3715 279 3788 eodem
307 3715 411 3788 modo
437 3717 521 3786 inter
542 3735 577 3784 se
600 3734 676 3808 apta
696 3731 772 3785 sunt
799 3731 833 3788 et
861 3734 1028 3803 connexa;
1049 3735 1093 3790 ex

157 3840 1092 3946 qutunifornitane,siacceditaequaiinsnagnimditus,

159 3971 267 4054 utinm
281 3969 456 4076 aequalina
485 3973 640 4048 omuibus
661 3971 803 4046 nameus
819 3967 975 4066 perfero.
1021 3963 1092 4080 Sed

463 4107 478 4132 ²
1004 4121 1093 4196 quo·
