2852 4874
366 469 890 547 latreuontes.
1055 473 1123 572 69¹

160 671 300 750 motus,
331 666 550 749 mutationes,
587 671 672 759 quae
705 673 783 752 iot,
815 664 897 738 olim
929 685 1110 764 percepta,

154 791 201 864 ad
228 811 376 866 mentem
407 801 621 881 revocamus,
654 813 711 868 sut
740 815 782 867 ex
811 797 853 868 iis
881 797 1005 884 rebus,
1024 821 1107 896 quas

155 923 376 1014 percepimus
405 941 439 994 ct
465 925 719 1011 revocavimus,
760 925 934 1022 vigilantes
967 947 1002 1000 et
1029 929 1108 1004 dor‘·

154 1049 528 1156 mientesingimus,et
546 1056 790 1146 componimus.
817 1055 1110 1154 visioaotenpv·

155 1196 207 1255 ra
227 1199 303 1262 est,
317 1201 417 1274 quam
428 1201 470 1252 ex
486 1183 565 1254 visis
582 1184 672 1276 poris
688 1185 782 1275 spatii
796 1203 829 1254 ct
844 1190 1007 1278 temporis
1022 1187 1109 1260 libet

157 1329 195 1380 re
214 1306 316 1407 fingit
337 1329 372 1380 et
395 1313 570 1404 componit
598 1313 813 1408 imaginatio,
837 1314 950 1407 quales
972 1332 1049 1390 sunt
1066 1316 1108 1393 ll*

159 1457 273 1525 neae,
310 1437 524 1531 superficies,
557 1457 723 1532 corpora,
752 1440 898 1537 figurae,
923 1445 1109 1542 medones,

160 1563 367 1656 divisiones,
391 1570 675 1664 compositiones,
705 1571 790 1663 quse
815 1571 850 1640 ln
865 1571 1010 1647 lvlrthesl
1027 1597 1110 1667 pura

160 1695 334 1792 linguntur
350 1697 610 1775 ec'atiltibentur.
655 1695 826 1793 Quocirca
849 1700 981 1794 pictor,
1002 1698 1110 1775 archib

161 1840 296 1913 tectus,
332 1823 425 1899 luber
452 1849 508 1900 aut
527 1827 610 1898 alius
636 1826 759 1901 ‘artifex
790 1829 933 1910 visiones,
959 1827 1110 1922 mixtas,

52 1989 56 1998 .
161 1954 426 2029 Mathematicus
450 1975 558 2029 autem
576 1969 691 2052 puras
714 1960 819 2067 magle
839 1958 962 2056 lingere
986 1961 1082 2036 solet.

167 2129 171 2138 .
208 2083 321 2158 Notio
340 2105 391 2156 est
413 2087 548 2168 micea,
574 2087 602 2156 si
619 2087 711 2178 ipsa,
733 2105 790 2158 aut
807 2086 879 2180 ejus
897 2107 996 2161 nocte
1013 2091 1111 2166 haus·

166 2233 222 2286 tac
246 2234 323 2286 sunt
340 2235 382 2285 ex
404 2217 504 2303 visis,
521 2234 556 2285 et
587 2215 770 2288 visionibus
791 2219 923 2307 mixtis,
943 2220 1111 2318 cujosgu·

164 2325 257 2415 neris
288 2363 406 2414 omnes
424 2362 518 2416 sont
543 2346 721 2434 notiones,
750 2347 872 2440 qulbus
900 2365 951 2418 res
980 2351 1111 2420 natura*-

166 2472 240 2560 les,
273 2473 384 2562 vires,
416 2471 588 2547 facultates
616 2475 742 2563 animi,
774 2476 937 2547 vocabule
959 2473 1111 2572 linguat,

166 2601 342 2696 multaque
369 2602 432 2675 alia
456 2605 490 2673 irl
514 2623 586 2674 suas
619 2603 757 2691 classes,
780 2622 898 2702 moero
924 2623 961 2676 et
987 2603 1111 2678 furnas

168 2731 358 2806 dividimus.

217 2859 518 2955 Notiones'puroe
532 2863 614 2934 'non
646 2862 756 2935 solum
786 2882 831 2934 en
852 2861 931 2935 visis
958 2883 992 2936 ct
1011 2867 1113 2950 visio-

169 2989 270 3064 nibus
290 2993 404 3084 puris,
422 3012 536 3064 verum
558 2995 655 3062 etiam
676 3013 721 3064 ex
742 2989 991 3088 intelligentiae
1005 2993 1112 3085 φαῖνε

169 3137 308 3198 natura
336 3123 497 3216 originem
536 3140 628 3190 suam
663 3119 797 3191 ducunt.
817 3185 831 3214 ,
854 3113 945 3191 Nam
974 3117 1012 3190 tlt
1037 3133 1113 3213 per·

169 3251 385 3346 ceptionibus
409 3269 565 3323 sennium
594 3249 771 3343 conjuncta
802 3265 836 3320 et
859 3249 1007 3345 subjecta
1037 3262 1113 3322 sont

134 3381 239 3458 visa
276 3401 358 3474 pura
389 3382 488 3472 spatii
513 3399 548 3452 et
585 3383 762 3474 temporis,
793 3377 884 3452 adeo
910 3395 947 3450 at
981 3380 1052 3449 tine
1072 3375 1113 3448 iit

171 3510 254 3584 nihil
277 3511 405 3604 percipi
432 3512 558 3604 possit,
596 3511 760 3582 itaetitm
789 3529 898 3582 renim
920 3503 1113 3579 notionibus

171 3640 369 3736 conjunctae
391 3658 426 3711 et
449 3639 616 3734 subjectae
642 3657 716 3711 sunt
740 3637 916 3710 nonnullae
938 3637 1112 3724 notiones,

170 3772 215 3842 its
242 3768 477 3866 intelligentiae
509 3773 682 3863 propriae,
718 3787 757 3840 uc
772 3770 863 3838 sine.
886 3768 928 3836 lis
948 3761 1030 3838 nlltil
1044 3785 1113 3837 co·

126 3885 1113 3994 'mmffmmmmm

172 4028 348 4129 principes
371 4043 406 4104 et
415 4025 702 4128 fundamentales
712 4031 863 4104 emnium
874 4047 1007 4118 retum,
1027 4043 1114 4122 quae

1053 4173 1116 4240 co,
