2852 4874
299 449 349 532 ga
517 435 1037 536 Pacatoomtua.
1116 453 1117 456 '

296 625 401 708 mdo,
424 635 489 694 tion
511 635 619 712 potest
640 645 706 696 uon
726 628 856 698 maxima
877 631 952 698 miti
970 615 1235 716 conittsi03quao

300 742 417 810 mentis
435 747 576 812 culturae
594 748 693 830 magis
714 763 827 828 nocet,
850 767 942 830 quam
961 752 1103 834 prodest.

319 859 443 948 'Quod
473 863 500 928 si
528 863 710 944 quaeritur,
741 878 846 930 utrum
878 865 1064 934 Matliescos
1099 867 1239 942 studium

303 977 416 1062 puerili
436 979 527 1048 aetati
547 980 736 1062 conveniat,
757 999 815 1048 uec
833 1000 894 1063 nc,
916 1000 1081 1064 antequam
1108 1001 1241 1067 respon·

305 1095 417 1162 deutur
435 1097 474 1161 ad
486 1097 564 1164 hauc
584 1097 822 1180 quaestionem,
840 1097 1048 1172 definiendum
1072 1113 1144 1177 cst,
1161 1121 1243 1187 qua-

304 1213 499 1290 lettudt'um
537 1215 741 1302 intelligatur.
798 1216 896 1302 Quod
925 1237 1017 1301 saepe
1053 1217 1242 1294 discentium

304 1331 399 1399 animi
428 1353 446 1398 a
474 1331 660 1404 Mathoseos
696 1333 804 1400 studio
838 1335 1074 1416 deterreantur,
1106 1337 1245 1418 pletum·

305 1467 369 1534 que
399 1450 492 1534 culpa
525 1463 575 1516 est
605 1449 811 1531 docentium,
853 1450 909 1535 qui
951 1451 1024 1535 plus
1054 1453 1244 1535 postulant,

306 1587 399 1654 qnam
429 1581 538 1633 natura
569 1581 726 1651 praestare
751 1567 868 1651 possit.
924 1567 1011 1656 Quid
1043 1568 1127 1635 enim
1156 1569 1245 1636 aliud

251 1697 253 1705 ⁴
305 1699 356 1752 cst
392 1685 576 1770 postulate,
603 1669 651 1750 'ut
689 1703 769 1769 pueu
804 1683 1098 1752 Mathematicarum
1137 1703 1243 1757 rerum

305 1801 424 1884 audis,
457 1800 721 1887 Syllogismorum
758 1801 894 1884 seriem,
923 1819 1015 1882 quam
1051 1803 1246 1880 demonstat·

305 1914 427 1983 tionem
466 1913 606 1997 dicunt,
647 1915 835 2000 excogitet,
873 1929 969 1998 atque
1001 1915 1040 1982 ad
1068 1916 1143 1983 attis
1176 1916 1246 1988 fot.-

307 2051 388 2101 mam
414 2031 548 2111 referat,
572 2051 666 2116 quam
690 2049 863 2118 repugnare
888 2047 1039 2114 naturae,
1060 2047 1157 2116 atque
1178 2033 1247 2110 itta-

307 2149 360 2218 nia
385 2149 537 2232 captare?
563 2147 628 2236 Qui
656 2165 760 2228 auten
788 2149 908 2232 efficit,
930 2164 970 2216 uc
991 2169 1071 2234 puer
1092 2150 1171 2220 itanc
1196 2170 1249 2236 se·

308 2264 387 2332 ciem
423 2265 572 2348 memoria
609 2265 762 2349 retincat,
792 2281 902 2350 etque
941 2282 1083 2335 accurate
1122 2267 1165 2336 ita
1196 2287 1249 2350 re,-
1343 2327 1347 2334 .

309 2395 416 2474 petat,
438 2396 475 2448 ut
502 2401 568 2450 cam
602 2397 656 2450 aut
683 2383 836 2451 audiendo
867 2397 922 2452 aut
955 2387 1088 2469 legendo
1115 2405 1249 2472 accepe-

310 2499 376 2584 ¹rit,
402 2500 429 2567 is
459 2514 592 2569 mentem
610 2517 675 2568 mou
691 2500 798 2582 acuit,
821 2500 877 2566 sed
898 2500 1069 2582 obtundit,
1090 2503 1251 2585 cupidita-

214 2667 216 2678 .
310 2633 374 2684 tem
395 2616 533 2684 discendi
552 2635 617 2696 uon
637 2617 839 2699 excitat,aed
856 2615 1250 2704 exstinguit,memotiam

309 2748 454 2815 exercet,
477 2731 697 2819 intelligentiae
715 2747 823 2810 nocet,

354 2851 433 2921 Non
451 2849 494 2918 ita
517 2851 556 2918 ad
577 2869 679 2918 veram
699 2850 911 2936 cognitionem
936 2869 1038 2919 retum
1058 2855 1250 2934 naturalium

312 2967 440 3035 ducitur
464 2967 575 3036 homo.
617 2965 734 3050 Incipit
765 2965 804 3032 ab
835 2966 1038 3040 observandis
1062 2968 1181 3051 rebus,
1205 2973 1255 3050 vi·

302 3085 451 3168 detque,
475 3084 591 3168 quibus
612 3082 698 3154 uotis
715 3085 774 3152 alia
792 3083 831 3150 ab
853 3083 911 3150 alia
927 3083 1074 3168 differat,
1098 3107 1255 3170 quaenam

313 3203 378 3272 sint
407 3203 624 3283 mutationes,
656 3217 788 3282 motus,
818 3201 1056 3285 phaenomena,
1086 3220 1257 3288 -atque
1297 3285 1301 3294 ,

313 3319 447 3400 deinde,
470 3317 556 3401 quod
577 3335 734 3388 sumtuum
754 3331 823 3399 est,
844 3331 942 3400 atque
962 3332 1178 3403 postremum,
1202 3321 1257 3390 itt·

303 3435 432 3520 nulrit,
455 3451 605 3516 quaenam
627 3434 669 3500 sit
680 3452 774 3500 causa
783 3434 891 3501 harum
911 3435 1120 3508 mutationum
1139 3431 1268 3505 etmo-⁴

306 3567 430 3638 tuum,
462 3551 620 3635 quodnam
650 3549 693 3616 sit
721 3550 803 3618 inter
838 3549 907 3636 ipsa
946 3569 1115 3624 commuue
1139 3554 1255 3624 viucu-

313 3669 392 3738 lum.
437 3665 473 3734 lu
506 3665 606 3749 prima
633 3665 832 3736 mentatione
856 3667 1005 3736 historiae
1024 3670 1165 3754 gentium
1186 3688 1255 3748 tras

313 3783 424 3862 ditur,
447 3781 525 3864 quid
553 3797 712 3866 peractum
732 3784 794 3862 sit,
817 3783 894 3866 quid
911 3785 1080 3869 acciderit3
1103 3787 1257 3858 Philoso-

313 3896 390 3992 phia
414 3897 586 3980 historiae,
616 3918 697 3982 quae
717 3919 826 3968 causas
848 3919 952 3978 retum
969 3900 1163 3988 investigat,
1183 3924 1255 3984 mom

312 4027 386 4116 tute
408 4019 458 4088 est
477 4013 654 4112 puerilibus!
677 4015 780 4096 antus,
824 4017 927 4101 luti.
950 4018 989 4100 ad
1008 4019 1253 4102 Gauatticua

1195 4160 1250 4220 ις·
