2852 4874
367 471 893 549 Pnotnnontartn.
1050 495 1114 574 Ι,35

219 665 281 760 His
313 665 389 739 addi
414 687 524 761 potest
552 665 772 742 Astronomia
797 667 986 762 practica,
1017 685 1135 762 quae'

169 794 209 866 de
232 797 445 870 observandis
467 797 703 892 phaenomcnis
725 795 926 868 coelestibus
947 795 1037 891 agit,
1062 793 1106 866 de
1192 768 1196 778 ¹

165 942 225 998 usu
258 945 338 998 cunt
371 928 682 1010 instrumentorum,
716 925 836 1019 quibus
870 924 1105 1008 observannrr,

165 1070 233 1122 tam
262 1053 449 1126 tabularum
481 1073 714 1139 numerorum,
745 1055 887 1149 quibus,
911 1053 989 1126 dato
1022 1073 1105 1126 tem·

163 1203 262 1276 pore,
285 1201 450 1255 astromm
472 1165 569 1256 iocus
590 1182 722 1254 calculo
745 1184 881 1276 reperiri
903 1185 1022 1276 possit.
1094 1197 1103 1234 '-
1133 1193 1139 1204 '

209 1311 242 1384 b.
271 1313 351 1382 Alia
371 1311 541 1404 disciplina
566 1311 798 1384 Astronuntica
817 1331 867 1382 est
885 1310 1105 1408 Gangrapltia

163 1437 454 1524 Mathematica,
469 1461 576 1533 quae,
605 1442 639 1510 in
668 1437 826 1510 auxilium
849 1441 964 1509 sumtis
986 1439 1105 1512 Astross

165 1573 291 1652 nomia,
317 1589 419 1664 atque
436 1569 626 1642 Geometria
643 1569 809 1660 practica,
828 1585 933 1638 tetrae
963 1566 1102 1662 figuram

163 1716 195 1770 et
221 1701 509 1793 magnitudinem,
541 1717 639 1791 atque
670 1697 769 1766 situm
798 1695 951 1768 locontm
975 1697 1008 1766 in
1033 1694 1103 1789 ejus
1133 1729 1136 1738 ¹

104 1907 112 1928 ι
163 1826 339 1920 superficie
363 1827 509 1919 inquirit.
551 1823 665 1922 Quare
696 1824 751 1898 dat
778 1845 952 1920 praecepta
980 1824 1103 1898 deseris

162 1954 258 2028 bandi
293 1954 502 2050 superficiem
551 1973 673 2040 terrae,
724 1953 776 2027 vei
815 1974 923 2048 partes
954 1957 1025 2050 ejus
1064 1932 1098 2026 ia

163 2085 321 2177 sphaera,
362 2087 394 2156 in
423 2082 543 2154 tabulis
574 2083 820 2180 Geogtaphicis
853 2103 888 2155 et
912 2057 1101 2180 Hydrogra·

163 2213 290 2306 phicis,
317 2233 415 2306 atque
433 2214 505 2306 jure
525 2213 588 2284 sibi
609 2215 751 2286 vindicat
779 2215 855 2284 artis
878 2214 1098 2308 navigatoriae

164 2363 285 2434 puttam
329 2343 619 2430 Astronomicam,
657 2362 741 2436 quae
780 2343 929 2434 inprimis
972 2342 1098 2424 docet,

163 2472 335 2564 quomodo
363 2475 395 2542 in
421 2475 499 2542 mari
521 2473 700 2563 reperiatur
729 2461 855 2552 lucus,
890 2473 923 2540 in
952 2491 1022 2565 quo
1056 2476 1097 2540 sit

164 2605 271 2688 navis,
302 2603 444 2695 quisque
477 2605 508 2671 ci
540 2621 655 2672 cursus
687 2601 843 2672 tenendus
874 2603 940 2690 sit,
966 2621 1002 2671 ut
1026 2589 1097 2687 eo',
1212 2591 1217 2602 ’

163 2749 228 2822 quo
262 2729 397 2816 tendat,
437 2731 613 2822 perveniat.

206 2877 237 2928 c.
263 2856 516 2954 Chronologia,
541 2879 624 2952 quac
656 2860 800 2932 diversos
831 2865 990 2954 temporis
1017 2863 1099 2934 deii·
1135 2871 1158 2952 'v

113 2975 116 2982 ’
160 2985 266 3057 aiendi
296 3005 394 3080 atquc
423 2985 586 3058 dividendi
619 2987 758 3070 modos,
795 2989 915 3082 quibus
944 2992 994 3060 usi
1020 3010 1096 3062 sunt

160 3133 303 3201 ueteres,
327 3136 402 3186 eum
429 3119 570 3186 martinae
603 3119 633 3185 in
666 3114 761 3186 finem
790 3116 969 3204 describit,
994 3139 1093 3214 atquc

160 3243 321 3338 explicat,
354 3262 394 3315 ut
412 3245 607 3353 'accuratius
632 3264 809 3338 apparent,
842 3268 986 3340 quonam
1011 3269 1095 3319 tem·

161 3391 240 3462 pote
270 3373 448 3444 acciderint
474 3393 534 3458 ea,
565 3395 650 3468 quae
691 3375 820 3447 tradidit
855 3377 988 3449 historia
1011 3397 1092 3471 gen·
1132 3353 1162 3432 .'

163 3501 251 3573 tium.
283 3499 454 3596 Quocirca
478 3503 555 3573 huic
573 3505 633 3574 arti
651 3489 1092 3593 communiAstronomiae,
1118 3513 1122 3522 ‘

163 3647 255 3724 atque
274 3627 584 3703 Historiaeauxilio
601 3653 687 3722 opus
701 3651 764 3700 est.

208 3757 246 3834 In
281 3762 397 3854 quinta
438 3759 557 3856 g‘enete
605 3781 774 3852 ponuntur
810 3779 906 3834 artes
927 3755 1093 3856 Opricae,

93 3959 98 3966 ,
165 3907 243 3980 quae
272 3885 413 3982 generali
439 3891 572 3959 nomine
596 3887 749 3960 dicuntur
777 3891 905 3982 Optica
929 3889 996 3984 (1)
1022 3895 1090 3981 srvje
1139 3931 1142 3938 ,

199 4100 237 4172 (Ι)
256 4097 401 4174 'Onrtatit
422 4110 441 4162 i.
460 4126 484 4163 e·
503 4104 594 4179 τέχνη
615 4109 648 4160 ab
667 4105 795 4178 inruunt
814 4104 903 4164 rideo·
1011 4010 1076 4086 doc
