2852 4874
342 471 392 542 u
549 447 1067 524 Peonnoomaun

338 663 426 740 quse
453 663 497 716 ex
524 645 673 722 tectione
700 646 780 717 coni
808 643 978 732 oriuntur,
1002 663 1102 740 arque
1126 642 1283 740 cycnis,

333 772 504 868 descripta
526 794 547 845 a
571 791 699 870 puncto
722 755 912 869 superficiei
929 773 1072 862 circuli,
1094 761 1185 869 qui,
1199 795 1285 847 cen·

331 887 399 976 tro
417 905 561 977 inrecta
580 901 672 976 linea·
686 887 942 998 progrediente,
966 921 1104 977 rotatur.
1122 905 1172 956 -'
1184 902 1283 976 dein·

310 1043 312 1046 ’
339 1031 382 1104 de
402 1015 595 1126 superficies
610 1049 646 1104 et
661 1051 824 1126 corpora,
846 1049 932 1126 quae
946 1015 1120 1105 curvarum
1140 1033 1287 1104 rotatio·

336 1165 399 1262 ne',
420 1181 480 1235 aut
501 1159 570 1235 allo
591 1179 686 1233 motu
709 1157 762 1234 trel
788 1140 858 1231 'elia
875 1157 950 1256 lege
974 1161 1068 1258 gigni
1092 1179 1245 1256 possunt.

378 1371 555 1444 Aetnam.
599 1372 778 1441 Methodus
802 1391 861 1441 seu
885 1373 987 1456 ratio,
1009 1391 1072 1457 qua
1097 1373 1283 1464 Geometria

333 1491 504 1586 sublimior
524 1491 714 1560 tractabatur
742 1509 760 1557 a
784 1489 946 1558 vermibus
970 1489 1076 1558 eadem
1098 1507 1184 1574 erat,
1215 1513 1283 1578 qua

331 1609 521 1706 ,Geometria
560 1607 758 1678 elementaris
792 1605 827 1672 in
864 1607 1112 1690 contemplandis
1152 1607 1279 1697 figuris.

335 1727 389 1798 Ex
427 1727 570 1812 inspecta
612 1721 713 1810 figura
751 1721 1005 1806 agnoscebantur
1042 1724 1282 1810 proprietates,

334 1847 414 1914 adeo
442 1859 480 1911 ut
501 1829 667 1910 oculorum
685 1839 837 1926 judicium
869 1857 936 1907 non
957 1859 1028 1907 raro
1054 1841 1187 1909 anteiret
1213 1841 1283 1924 iis,

337 1980 421 2047 quac
441 1960 481 2026 ab
504 1957 708 2044 intelligentia
728 1976 769 2026 ex
790 1958 970 2042 praemissis
988 1957 1281 2044 propositionibus,

335 2078 407 2148 sive
426 2075 641 2145 sumtionibus
663 2075 917 2162 colligebantur,
945 2091 1026 2160 aut,
1056 2092 1093 2144 ut
1118 2077 1204 2144 oculi
1231 2077 1283 2144 in·

335 2195 539 2284 telligcntiam
561 2194 778 2282 impellerent,
799 2207 835 2260 ut
851 2193 1003 2262 rationem
1021 2195 1164 2263 redderet
1183 2195 1280 2282 ejus,

337 2317 426 2400 quod
446 2315 525 2398 ipsis
540 2331 649 2383 verum
668 2327 722 2391 aut
740 2311 906 2395 probabile
928 2312 1031 2379 visum
1051 2311 1180 2380 fuisset.
1206 2312 1280 2380 Alia

334 2450 388 2504 est
406 2434 480 2518 via,
502 2451 596 2516 quern
625 2430 761 2518 ingressi
792 2444 868 2496 sunt
893 2430 1111 2512 recentiores,
1133 2428 1189 2514 qui
1203 2449 1281 2514 pro·

336 2555 487 2641 prietates
516 2569 684 2621 curvarum
714 2549 846 2620 dicium
879 2565 920 2614 ex
949 2545 1070 2613 ratione
1098 2545 1169 2614 data
1199 2545 1285 2614 inter

190 2678 202 2705 ·
334 2674 434 2744 lineas
451 2670 670 2750 coordinatus,
681 2680 735 2734 aut
753 2666 834 2734 inter
851 2663 911 2730 alin
922 2662 1103 2746 mutabilia,
1119 2682 1177 2746 per
1193 2683 1277 2748 quae

322 2789 502 2876 ‘quodlibet
517 2789 628 2856 harum
648 2803 815 2854 curvarum
838 2798 991 2870 punctum
1010 2800 1071 2849 suo
1088 2784 1162 2849 loco
1174 2784 1276 2850 collo-

333 2909 539 2993 cariporest,
556 2905 703 2988 idemque
720 2899 840 2970 faciunt
859 2903 893 2968 in
913 2900 1145 2968 considerandis
1165 2917 1279 2992 super·

335 3026 470 3096 liciebua
487 3038 584 3108 atque
603 3019 803 3106 corporibus.
825 3019 911 3086 Cum
928 3033 1032 3086 autent
1051 3018 1103 3085 illa
1125 3017 1204 3084 ratio
1218 2995 1276 3086 ιιι·

337 3146 483 3213 hibentur
509 3161 566 3228 per
584 3138 802 3222 tornationem
825 3134 1084 3216 Arithmeticam,
1106 3134 1182 3202 haec
1203 3133 1279 3202 Me·

337 3262 456 3329 rhodus
479 3257 585 3344 'magia
611 3253 818 3323 Arithmetica
839 3271 932 3337 quarn
954 3249 1154 3320 Geometrlca
1171 3255 1280 3336 appel·

332 3379 429 3446 landa
455 3389 517 3444 est.
562 3371 680 3442 Multis
706 3369 856 3456 profecto
876 3368 1017 3454 portibus
1049 3383 1177 3454 superat
1204 3369 1279 3438 Me·

331 3497 472 3564 'rhodum
492 3490 668 3570 veterum,
682 3487 831 3573 quoniam
852 3485 974 3554 facilius
998 3485 1036 3551 ad
1062 3485 1276 3552 inventionem

335 3612 485 3693 adducit,
512 3607 719 3698 generaliorcs
739 3602 860 3671 invenit
880 3586 1025 3692 regulas,
1048 3621 1179 3688 remque
1196 3603 1278 3669 mul·

331 3711 375 3796 'to
393 3728 499 3821 ,magis
527 3727 675 3794 universe
695 3724 856 3818 explorat,
878 3721 910 3790 id
932 3719 1020 3806 quod
1041 3721 1073 3789 in
1093 3718 1279 3808 cognitione

337 3847 473 3915 humana
488 3843 602 3914 ‘summi
620 3859 668 3910 est
684 3841 850 3910 momenti.

332 3999 342 4010 -
381 3959 531 4026 Attamen
568 3971 710 4028 veterum
745 3957 837 4026 etiam
878 3954 992 4022 rationi
1020 3961 1078 4021 sira
1116 3955 1186 4022 laus
1222 3951 1280 4020 tri·

337 4074 462 4142 buenda
482 4087 543 4141 est.
580 4075 661 4143 Rem
682 4073 988 4160 ipsamimaginibus
1009 4073 1169 4157 illustrat,
1189 4055 1290 4140 excr·'

1227 4197 1280 4254 cet
