2856 4862
343 407 895 500 iuuenumque.
1040 431 1104 503 141

169 603 343 674 limiam.
366 601 426 686 (r)
456 601 503 668 lta
521 599 824 670 cunt'affirmotnusr
853 605 884 671 ti
912 600 1113 690 quadrilate-

166 739 245 788 rum
267 717 402 806 aliquod
421 709 666 808 aequiangulum
691 735 760 802 aar,
775 720 1113 806 parallelogrammum

171 839 394 923 raraugulum
425 852 490 919 aar,
528 837 735 920 quadrilatera
764 838 825 902 bac
852 836 1026 904 couciiaono
1053 839 1112 906 tri·
1193 903 1196 910 .

173 954 303 1022 hulmus
329 954 539 1038 praedicatum
569 954 922 1045 (parallelogrammum
945 968 1114 1038 rectaogu·

170 1071 250 1155 lum}
269 1071 374 1155 asro),
416 1085 454 1138 ut
496 1073 566 1159 ejus
597 1073 704 1158 anguli
729 1073 874 1154 aequales
905 1072 981 1139 sint.
1046 1071 1114 1160 Qui

168 1173 280 1256 autent
314 1187 357 1274 ita
385 1187 542 1258 definiunt
572 1189 822 1258 enunciationem
849 1190 1112 1276 hypotheticam,

172 1321 209 1372 ut
240 1305 284 1374 sit
314 1325 351 1374 ea
378 1307 578 1390 composita,
621 1307 711 1375 aliam
750 1307 784 1374 in
821 1325 857 1374 se
897 1293 1111 1390 complectens

171 1421 448 1506 armatiorem,
480 1443 562 1508 quae
593 1437 730 1509 ponatur
760 1425 813 1494 uel
843 1439 997 1504 tanquam
1022 1438 1114 1492 curra

170 1555 271 1626 atqua
292 1561 391 1607 causa
413 1548 512 1627 (voce
527 1546 606 1630 quia
620 1557 654 1609 et
674 1541 873 1625 similibus),
895 1545 946 1609 uel
959 1556 1113 1628 lanqueum

166 1655 333 1738 mnditia,
363 1661 417 1724 cui
443 1657 571 1746 aliquid
586 1658 676 1727 dubii
693 1657 850 1740 affectum
881 1659 1056 1742 uiduarum·
1078 1657 1113 1728 ui

174 1789 393 1858 praeterquam
433 1775 522 1860 quod
554 1778 758 1844 ratiocinium
797 1789 910 1860 atque*
931 1791 1115 1862 corosoqocrt·

171 1895 255 1960 tiam
276 1909 344 1959 non
364 1892 442 1960 satis
461 1892 655 1977 distinguere
674 1893 844 1976 videntur,
874 1894 931 1962 hac
957 1892 1116 1966 definitiu-

167 2029 214 2082 ne
245 2022 390 2078 neutum
411 2025 508 2094 atque
529 2009 592 2078 vim
618 2011 849 2078 enuntiationis
863 2010 1111 2110 uypothetuae,

163 2147 259 2214 qnae
270 2127 500 2212 ‚sanissimum
517 2128 660 2196 continet
677 2127 840 2198 uinculum
860 2129 1114 2214 cogitationum,

173 2265 244 2330 quo
268 2264 342 2312 cum
370 2244 480 2330 primis
501 2246 739 2332 conjunguntur
764 2247 1011 2330 consequentia,
1045 2263 1112 2312 non

167 2377 320 2436 mutate
334 2361 485 2430 indicam.

214 2482 312 2568 Qtue
337 2480 419 2550 dicta
449 2495 527 2550 sunt
553 2499 614 2548 nos
644 2481 802 2550 adducunt
820 2482 860 2549 ad
878 2480 1023 2567 ponenda
1050 2479 1112 2551 duo

168 2620 295 2687 gonaro
324 2602 578 2686 murroiatiouum
609 2602 898 2688 mpotloricam,
931 2617 1014 2684 quae
1046 2615 1114 2664 non

170 2717 301 2802 forma,
320 2717 376 2784 sed
393 2716 518 2786 materia
539 2715 710 2798 diffcntnt3
732 2718 886 2798 aiterum,
909 2715 998 2800 quod
1013 2717 1117 2786 ratio·

171 2853 246 2904 aem
265 2834 382 2916 docet,
411 2853 471 2901 cur
496 2832 668 2918 quidquam
695 2853 804 2904 verum
834 2848 888 2901 aut
915 2832 1032 2900 falsum
1050 2833 1116 2904 ,ha-

171 2951 316 3032 bendum
344 2949 407 3031 sit,
433 2965 529 3033 atque
554 2952 593 3018 ad
619 2951 849 3038 cogitationum
879 2951 1041 3017 vinculum
1067 2967 1118 3016 rc·

170 3070 300 3152 fertur3
322 3070 477 3150 alterum,
498 3069 585 3152 quod
603 3067 745 3152 designat
761 3087 889 3135 causam
908 3064 1114 3152 efficientem,

169 3207 212 3256 cx
233 3205 299 3271 qua
327 3185 446 3269 aliquid
474 3185 616 3268 quattu,
646 3199 743 3268 atque
775 3184 872 3270 igitur
893 3199 1023 3266 ortum,
1045 3201 1120 3250 mu·

170 3306 350 3385 tationem,
372 3319 519 3385 motum,
548 3302 696 3388 explicat.
747 3301 864 3370 Prioris
902 3299 1024 3388 generis
1048 3299 1117 3370 Lo·

171 3423 244 3510 gisa
262 3437 298 3490 ct
317 3419 500 3504 uhthcsisq
529 3421 716 3504 posterioris
740 3434 844 3489 auteur
868 3419 1026 3506 Physica,
1048 3419 1117 3486 An·

168 3537 381 3624 tropologia,
412 3537 555 3606 Historia
579 3539 705 3608 abunde
724 3539 927 3626 suppeditant
959 3539 1114 3621 menapia.

1069 3652 1119 3724 ua

131 3871 135 3876 .
213 3825 256 3900 (ἡ
273 3823 336 3881 Boe
351 3831 439 3881 umen
455 3827 542 3884 mina·
561 3836 696 3885 remorto.
732 3827 896 3884 numeratio
922 3809 1001 3906 fleri
1019 3815 1119 3886 conal-

174 3921 312 4022 iiuaora,
334 3925 382 3980 rod
407 3941 463 3982 non
489 3927 543 3986 inii
562 3929 745 3990 mundationi
767 3929 964 4002 hypotheticae
982 3930 1035 3992 hoc
1060 3949 1118 3990 no·

176 4037 243 4082 aa
259 4023 347 4084 1.ῐῦιὶ
362 4033 462 4100 poteri.
