2852 4874
283 471 314 541 a
488 457 1007 534 Pnouaoomsnn

284 677 399 733 omnes
421 675 490 742 res,
515 656 583 726 sive
608 671 783 747 perceptae
799 656 867 728 sive
889 653 984 726 fictae
1009 670 1104 738 sum,
1123 653 1219 750 cogi·

285 805 414 870 tantur,
447 775 688 878 designantur,
726 784 861 857 uomina
901 781 1097 875 accipiunt,
1135 783 1219 856 diut-

284 879 403 990 donus
423 887 520 1008 atoue
544 911 721 1008 injustum
744 909 891 996 ordinem
913 910 1114 1008 teffigtmtur.
1160 909 1222 1001 De

283 1027 405 1136 tinibus
437 1039 572 1136 singulis
602 1038 692 1125 duo,
725 1059 762 1111 ut
796 1041 912 1133 patet,
925 1039 1038 1132 quaeri
1059 1045 1221 1130 possuntt

284 1173 449 1264 primum,
493 1188 577 1262 quot
617 1186 714 1240 notae
750 1167 849 1239 insint
886 1167 1037 1254 notioni,
1078 1163 1216 1254 deinde,

284 1317 368 1390 quot
405 1313 458 1367 res
489 1297 625 1368 notione
654 1272 842 1391 cogitentu‘r
868 1312 969 1390 atque
988 1292 1217 1392 designentur,

283 1425 370 1497 unde
392 1423 516 1518 duplex
538 1424 647 1496 existit
667 1424 809 1497 notionis
826 1425 1019 1520 quantitas.
1053 1421 1219 1506 ,Priorem

283 1571 551 1652 argumentum,
585 1554 805 1647 posteriorem
832 1549 1020 1647 sphaeram
1052 1552 1120 1623 sive
1142 1573 1217 1625 am·

283 1685 392 1757 bitum
428 1681 499 1780 eius
524 1702 646 1754 uocare
680 1681 797 1756 solent
852 1679 907 1752 Eu
944 1701 1015 1776 quo
1052 1681 1218 1776 sequitur,

283 1811 449 1886 addendis
468 1811 556 1882 notis
578 1812 690 1905 augeri
715 1811 862 1882 notionis
887 1825 1135 1904 argumentum,
1159 1807 1220 1878 sed

288 1938 384 2011 simul
412 1938 549 2011 diminui
592 1939 757 2032 sphaeram
794 1940 861 2009 sive
889 1937 1133 2012 multitudinem
1167 1957 1219 2010 te·

284 2083 380 2153 tuor,
405 2066 467 2138 hat
484 2069 619 2140 notione
634 2066 903 2162 coglmadantma
919 2087 953 2142 et
968 2087 1101 2155 rursus,
1117 2064 1219 2164 artfe-

285 2197 403 2270 rendit
435 2196 524 2278 natis
552 2196 687 2270 diminui
719 2197 863 2270 notionis
887 2211 1135 2294 argumentum,
1158 2217 1217 2268 au·

287 2329 357 2422 geri
391 2345 499 2398 autem
531 2326 722 2420 sphaeram,
747 2325 834 2398 unde
865 2327 1013 2398 on'untur
1043 2327 1218 2412 notiones,

284 2473 388 2551 quae,
425 2458 509 2527 inter
533 2474 568 2525 se
591 2475 820 2548 comparatae,
859 2455 1011 2528 dicuntur
1031 2453 1219 2550 superiores

284 2605 319 2656 et
349 2583 550 2682 inferiores,
582 2604 637 2684 aut
660 2587 796 2682 generis
818 2605 852 2666 et
880 2586 1001 2680 speciei
1029 2579 1221 2680 (generales

286 2731 320 2784 et
352 2708 544 2806 speciales).
592 2711 823 2807 Superioribus
851 2711 954 2809 major
983 2731 1033 2786 est
1062 2714 1218 2808 sphaera,

285 2841 342 2922 sed
356 2844 464 2914 minus
479 2859 730 2938 argumentump
752 2841 963 2916 inferioribus
985 2861 1094 2916 autem
1109 2819 1219 2914 minor

285 2969 441 3066 sphaera,
466 2968 524 3040 sed
551 2971 653 3065 maJus
674 2990 913 3066 argumentum.
963 2969 1075 3070 Quare
1096 2969 1218 3042 adden-

285 3097 335 3169 dis
356 3100 445 3169 notis
473 3117 514 3168 ex
540 3101 762 3192 superioribus
786 3090 928 3172 euismnt
950 3101 1144 3190 inferiores,
1168 3119 1217 3172 at·

287 3246 353 3324 que
380 3225 565 3298 auferendis
590 3231 677 3302 notis
700 3249 742 3299 ex
774 3229 980 3302 mserionbus
1009 3231 1218 3324 superiores,

288 3374 426 3450 quarunt
450 3354 602 3452 exempla
615 3375 690 3428 sunt
704 3378 787 3451 aqua
807 3375 841 3428 et
857 3343 1061 3444 mare,·,avis
1077 3377 1111 3429 et
1125 3359 1220 3452 aqui·

285 3461 495 3568 la,'animal
530 3501 563 3552 et
590 3482 717 3570 homo,
751 3505 860 3558 motus
897 3488 996 3558 animi
1025 3505 1124 3582 atque
1146 3490 1222 3590 ira,

287 3593 393 3681 ments
435 3632 533 3706 atque
580 3611 785 3686 sollicitudo.
845 3615 894 3687 lta
924 3616 987 3702 fit,
1031 3635 1070 3688 ut
1105 3613 1220 3690 eadem

287 3741 404 3808 mentis
427 3742 578 3828 actione,
618 3765 684 3842 qua
710 3745 862 3816 notiones
894 3746 1098 3830 formantur,
1121 3731 1220 3815 ‘con-

287 3866 454 3962 gregatls,
493 3890 578 3963 quae
618 3871 767 3966 pluribus
805 3853 997 3946 notionibus
1031 3845 1220 3962 communia

278 3999 533 4100 ¹suut,sectetis
553 3999 653 4091 aliis,
690 4022 733 4074 ex
755 3991 963 4081 inferioribus
997 4007 1140 4080 otianotr
1166 4025 1222 4116 suff

1162 4151 1281 4228 ΡΦ-
