2896 4858
262 409 367 510 με·
474 409 1006 502 Btutuooutuu

204 657 206 662 -
258 665 262 676 .
306 603 355 676 ln
369 607 470 676 etiam
487 623 579 676 error
589 623 640 674 est
653 606 686 675 in
704 603 992 675 enuntiationibus
1004 597 1234 685 causalibus,

266 733 372 826 siin,
395 733 488 828 quod
509 754 588 805 casu
605 734 702 806 simul
726 753 802 804 cum
829 731 970 828 quadam
993 751 1029 802 te
1052 749 1232 824 apparet,

264 881 325 941 sut
341 863 381 933 ,ei
409 862 592 948 antecedit,
627 884 725 935 causa
751 863 822 956 ejus
844 862 982 934 habetur
1009 860 1107 955 (post
1133 859 1232 944 hoc,

272 1013 352 1088 crgo
368 1003 514 1090 propter
536 989 643 1082 hoc),
676 1012 762 1086 quae
786 993 1023 1086 argumentatio
1057 1009 1108 1062 ost
1139 987 1233 1067 fons

269 1121 547 1221 foecundissimus
578 1123 848 1214 superstitionum
874 1141 973 1215 atque
997 1141 1145 1192 ettontm
1178 1116 1232 1191 de

272 1253 406 1338 causis,
430 1253 464 1324 in
487 1271 594 1324 tetum
620 1271 734 1324 natura
755 1251 941 1347 agentibus.
975 1249 1012 1323 Si
1035 1252 1110 1344 quis
1123 1269 1229 1336 rem,

269 1379 365 1474 cuius
387 1395 512 1455 causas
531 1400 566 1453 et
587 1383 753 1452 rationem
774 1401 842 1454 oon
866 1383 1053 1476 cognovit,
1072 1377 1227 1454 fututam

271 1530 344 1586 esse
375 1511 609 1596 annuntiavit,
635 1512 735 1604 idque
763 1531 864 1596 casu,
887 1531 945 1583 aut
977 1509 1064 1585 lotte
1086 1511 1227 1585 fortuna

271 1642 381 1710 evenit
396 1689 408 1738 ,
422 1641 501 1714 huic
517 1641 709 1738 contingere
725 1659 859 1734 potest,
873 1661 911 1713 ut
927 1656 1024 1716 nates
1039 1641 1228 1728 habeatur,

271 1789 328 1844 sut
344 1790 460 1868 sagax
479 1783 601 1843 rerum
619 1771 808 1866 conjector,
818 1770 1012 1864 praedictis
1029 1771 1226 1858 excellens,·

272 1920 474 1997 qmmqunm
496 1901 535 1972 in
561 1921 636 1972 eum
662 1899 876 1972 solummodo
893 1899 1007 1984 cadit,
1033 1897 1126 1990 quod
1148 1898 1224 1974 et-

274 2049 384 2102 ceto
407 2027 448 2100 de
467 2025 697 2121 haruspicibus
719 2028 872 2102 affirmat:
898 2050 964 2101 non
986 2043 1128 2106 tamam
1150 2051 1223 2104 etse

209 2143 213 2154 ¹
274 2178 391 2232 torum
411 2154 685 2256 infelicitatem,
722 2175 763 2231 ut
794 2181 836 2232 nc
872 2180 954 2232 casta
989 2158 1126 2254 quidem
1156 2181 1225 2240 aa·

276 2309 383 2384 qaam
399 2285 488 2386 fiat,
505 2287 769 2386 quodsutarum
794 2289 851 2362 illi
872 2311 939 2361 esse
962 2289 1142 2378 dicterium
1165 2307 1226 2362 at·

272 2437 340 2514 qut
366 2420 534 2492 neminem
557 2417 638 2517 fera
659 2441 749 2504 esse,
779 2419 848 2514 ,qui
876 2435 983 2492 tntum
1008 2418 1097 2490 diem
1119 2419 1226 2513 Jacu:

274 2548 352 2626 lans
377 2570 442 2621 non
468 2549 655 2642 aliquanao
688 2547 874 2624 colliniati

329 2675 407 2752 Huc
435 2682 533 2752 etiam
561 2679 768 2751 referendum
801 2698 850 2749 est
873 2675 955 2749 illud
977 2699 1081 2775 genus
1105 2676 1223 2768 Syllo·

274 2809 462 2904 gismontm
496 2810 813 2905 hypotheticorum,
855 2809 950 2903 cujus
978 2811 1107 2900 species
1140 2806 1245 2882 haec.

277 2958 348 3010 ests
374 2936 415 3010 Si
425 2936 546 3035 fatam
563 2939 630 3012 tibi
653 2925 725 3024 esi,
750 2960 794 3009 ex
810 2935 875 3008 hoc«
887 2937 999 3020 morbo
1020 2939 1224 3010 conualesce-

277 3091 318 3140 re
343 3069 427 3142 (atat
450 3091 517 3140 non
540 3063 814 3154 conualescere),
841 3067 909 3141 siae
934 3066 1100 3139 medicam
1122 3064 1224 3139 adhi-

279 3197 413 3281 tueris,
454 3199 524 3270 sive
547 3219 614 3268 non
645 3193 866 3280 adhibueris,
905 3197 1109 3268 convalesces
1138 3195 1238 3287 (aut¹

281 3347 348 3398 non
393 3321 642 3418 convalesces),
685 3340 720 3396 ct
757 3325 973 3396 alterutrant
1007 3321 1126 3420 fatum
1164 3342 1223 3398 est.

282 3452 463 3527 Medicum‘
498 3474 580 3551 crgo
626 3451 791 3525 adhibere
827 3451 920 3526 niltil
957 3455 1087 3528 attinet
1124 3451 1222 3548 (1).-

282 3579 388 3679 Quod
425 3601 528 3678 genus
572 3581 800 3655 conclusionis
837 3582 991 3676 latissime
1022 3603 1141 3678 patet,
1175 3605 1224 3656 at·

1158 3736 1225 3810 me

280 3901 286 3917 ι
312 3873 358 3942 (ι)
377 3843 527 3929 Cicero
547 3875 582 3930 tls
602 3873 672 3932 Folo
688 3893 733 3935 ιι.
767 3875 937 3948 Sennea,
967 3878 1093 3936 Natusul.
1111 3867 1226 3952 Qumi-

280 3969 321 4026 11.
339 3973 382 4027 55.
401 3991 479 4045 saqq.
