2852 4874
359 433 880 517 Ptontoo'nr'sn'n'.
1052 436 1103 532 3'3‘

160 633 341 712 accedens,
364 632 457 698 discit
489 646 592 715 partes
618 628 793 712 orationis,
823 623 1047 696 declinationes
1069 645 1103 696 et

153 746 406 832 conjugationes
426 762 563 826 vocum,
586 747 706 829 regulas
729 743 952 828 Etymologiae
969 759 1002 810 et
1019 743 1103 828 Syn·-

162 875 300 946 lexeos,
333 881 505 947 carumque
535 861 695 928 scientiam
726 861 854 928 assiduo
881 861 1102 927 inscribendo

157 994 195 1055 ct
223 979 362 1064 legendo
392 997 453 1046 usu
472 976 705 1062 conseqttitur3
729 977 785 1044 sed
807 977 1017 1044 Grammaticos
1035 977 1105 1044 uni·

161 1099 327 1180 emetis,
361 1113 442 1182 quae
467 1115 505 1168 ex
533 1109 643 1162 natura
676 1092 898 1179 intelligentiae
930 1095 1105 1174 humanae,

159 1231 265 1296 atque
291 1231 331 1282 ex
359 1213 523 1300 principiis
557 1211 689 1298 Logicie
710 1208 847 1278 rationes
877 1209 1025 1296 colligit,
1046 1230 1105 1278 cor

160 1331 243 1400 haec
262 1330 307 1397 ita
325 1330 413 1411 sint,
430 1331 622 1418 provectiori
638 1331 740 1394 aetati
759 1331 858 1414 magis
879 1331 1033 1397 convenit.

204 1447 283 1516 Cur
304 1465 370 1514 non
391 1448 501 1515 eodem
522 1447 618 1512 modo
649 1445 778 1527 incipiat
802 1462 898 1528 atque
927 1443 1107 1529 progredia-

160 1579 213 1632 tur
244 1563 468 1630 Mathematica
489 1562 649 1631 institutio
669 1562 875 1648 poenorum?¹
892 1561 1109 1645 Discentprl·

161 1701 251 1750 mum
274 1679 484 1764 proprietates
510 1679 821 1762 liguramm‚·atque
838 1697 1040 1746 numeronrtn
1064 1677 1108 1746 ita

162 1799 338 1880 historice,
369 1813 407 1862 nt
433 1797 514 1862 adsit
540 1797 640 1878 ordo,
669 1810 767 1879 atque
792 1812 1026 1880 consequentes
1055 1815 1105 1864 res

162 1915 365 2001 cumprimis
382 1904 632 2000 conjungantur3
645 1914 760 2008 ltgoms
778 1914 945 2008 designent
957 1963 968 1996 ‚
980 1915 1108 2000 proble-

165 2033 575 2113 mamsolvant‚celculom
595 2033 696 2098 modis
715 2051 806 2114 quom
820 2032 953 2100 maxime
972 2031 1107 2101 diversis

165 2150 361 2231 instituant,
398 2165 435 2216 nt
467 2169 505 2216 eo
539 2150 636 2234 magis
671 2166 813 2218 accurata
853 2151 907 2218 fiat
944 2153 1108 2236 cognitio,

164 2285 266 2353 etque
294 2265 426 2335 firmiter
446 2267 612 2334 memoriae
636 2268 770 2341 haereat.
815 2269 1032 2336 Minutissinm
1053 2291 1111 2336 au·

167 2400 232 2453 tem
257 2401 376 2470 opera,
398 2401 480 2466 qttae
502 2401 652 2450 memorat
673 2384 1110 2472 Quintiliantts‚onrit·

166 2515 299 2582 tantur3
333 2501 404 2566 illae
430 2503 516 2594 solae
536 2501 797 2583 emundationes,
819 2522 900 2586 qnae
926 2504 1014 2586 qnasi
1036 2519 1113 2571 sont

167 2632 301 2692 catenae
325 2616 616 2688 Mathematicarum
645 2618 810 2686 veritatum
837 2620 942 2686 annuli
968 2639 1113 2689 necessa·

167 2737 232 2818 rii,
257 2734 441 2817 quibusque
471 2735 548 2802 aliae
577 2733 694 2802 multae
723 2751 798 2803 sunt
823 2755 982 2804 connexae
1004 2755 1036 2806 et
1053 2731 1112 2824 'ap-

168 2867 244 2934 tae,
266 2828 510 2937 cognoscentnr.
554 2850 621 2934 ipsi
642 2854 703 2937 jam
725 2853 839 2936 pueri,
863 2823 1114 2942 taliinstitutio·

132 2960 134 2964 ’
166 2988 231 3052 pe,
265 2987 347 3052 qrrae
369 2969 494 3049 quidem
519 2968 638 3053 jndicio
664 2969 737 3046 liat,
772 2955 882 3050 docti,
916 2971 1014 3056 magis
1047 2993 1112 3040 nra-

169 3089 289 3173 gisqne
304 3085 549 3174 animadvertent
568 3103 681 3160 nexunt
692 3101 733 3152 et
750 3085 915 3152 'vinculum
939 3087 1020 3154 inter
1037 3109 1114 3172 pro·

169 3205 326 3290 prietates
355 3217 387 3267 et
407 3203 491 3287 leges
524 3217 713 3284 quantorum
744 3201 791 3254 ’-
808 3195 915 3286 ¹atqn'e.
936 3219 1003 3270 tum
1026 3205 1115 3272 deni·

116 3377 120 3384 .
172 3341 258 3410 qne,
292 3320 446 3404 acquisito
473 3321 624 3398 historica
647 3339 750 3385 rerunt
777 3322 978 3406 cognitione,
999 3323 1046 3390 ad
1060 3321 1116 3388 de·

172 3439 431 3514 monstrationem
469 3433 574 3508 accedi
602 3451 717 3526 potest,
770 3433 823 3500 Ad
860 3437 1115 3506 Mathematicam

171 3547 371 3637 disciplinam
393 3551 492 3636 magis
510 3567 710 3634 praeparatos
731 3552 817 3618 venit
840 3573 919 3636 puer
942 3553 975 3620 in
996 3531 1115 3622 calculo

175 3669 389 3740 Arithmetieo
412 3667 578 3733 admodum
600 3683 759 3750 versatos,
780 3659 967 3753 quamquam
988 3673 1117 3760 legum,

178 3805 260 3869 quas
279 3784 314 3852 in
330 3785 450 3850 calculo
470 3785 635 3868 seqnitur,
658 3781 815 3853 rationem
834 3787 961 3856 reddere
979 3809 1045 3858 non
1072 3789 1120 3859 di·

178 3904 276 3987 dicit,
299 3921 393 3985 quam
421 3901 551 3986 quinas
575 3904 697 3988 regulas
720 3917 862 3970 accurate
884 3905 1043 3991 explicet,
1066 3907 1121 3976 ·et·'

180 4037 246 4116 que
265 4015 446 4116 memoriter
470 4017 677 4104 pronuntiat,
698 4007 808 4088 sedin
827 4025 1041 4108 computando
1069 4026 1120 4112 ip·

745 4125 748 4133 ’
1060 4159 1122 4236 so,
