2878 4860
400 399 1148 558 Protreouani.¹am

204 651 289 720 ·'2.
312 645 409 722 Dum
427 669 554 747 genere
575 669 651 722 cum
675 650 845 722 nonnullis
863 646 1142 744 formis‚''·quae·

201 795 334 850 rantur
360 778 517 872 reliquae
533 776 693 875 formae,
718 777 838 848 veluti:
866 795 1039 872 quaenam
1060 791 1140 847 sum

199 915 347 1001 corpora
382 907 568 1006 regularia
594 919 743 1000 praeter
770 905 921 978 cubum?
969 893 1164 1000 quaenam*

197 1054 298 1124 sune,
313 1049 464 1136 praeter
482 1038 632 1134 corporis
662 1035 769 1124 bona,
794 1035 957 1108 bonorum
973 1031 1140 1130 genera?

154 1347 160 1370 ¹
242 1344 416 1412 Animadn.
452 1345 504 1412 Ex
528 1344 578 1410 his
603 1361 709 1428 potet,
744 1364 810 1428 quo
837 1346 928 1427 plura
957 1345 1140 1427 suppeditet

198 1462 424 1544 interrogatio,
467 1481 505 1526 eo
538 1461 643 1528 minus
674 1481 740 1528 earn
774 1481 843 1528 esse
872 1479 1003 1546 vagam,
1046 1477 1142 1542 atque

198 1581 387 1661 pierumque
411 1597 449 1644 eo
481 1578 661 1660 meliorent,
692 1597 788 1662 atque
813 1578 989 1661 aptiorem,
1018 1579 1058 1646 ad
1087 1565 1167 1648 eti-Q

198 1690 337 1762 'ciendam
363 1696 623 1780 responsionem,
656 1717 738 1779 quae
760 1696 821 1780 ipsi
851 1695 1037 1763 satisfaciat.
1090 1697 1143 1763 ln·

199 1811 448 1896 terrogationest
493 1835 649 1900 quaenam
681 1828 755 1880 sum
783 1813 974 1900 praedicata
1008 1813 1146 1899 Suq'eeti

199 1931 265 1998 Aa
309 1951 463 2025 quaenam
493 1951 543 1996 res
569 1931 685 1997 habent
706 1931 930 2017 praedicatum
967 1931 1031 1999 Bi·
1067 1931 1148 2018 quid

200 2051 345 2133 sequitur
369 2067 409 2113 en
429 2051 477 2118 ui
505 2047 546 2112 Iu
567 2069 730 2134 quaenam
743 2069 862 2134 genera
890 2037 1058 2114 diuiditur'
1080 2047 1115 2112 A
1122 2052 1141 2115 ‚2

199 2165 304 2232 minus
328 2179 402 2230 sunt
419 2163 588 2243 definitae,
612 2182 704 2245 quarn
726 2165 846 2246 quibos
863 2162 1009 2250 adjicitur
1027 2165 1143 2232 'condi-

199 2279 246 2345 tio
266 2255 392 2360 atqua,
415 2280 523 2360 quales
542 2295 617 2344 sunt
636 2301 645 2347 e
665 2301 822 2364 quaenam
844 2301 1011 2366 exgenere
1029 2281 1144 2348 Coum

193 2395 386 2486 praedicata
410 2395 548 2468 Subiemi
573 2395 627 2464 A?
648 2417 804 2481 quaenam
826 2418 875 2462 res
890 2402 1017 2482 generis
1042 2397 1145 2466 Cha·

197 2512 271 2578 bene
284 2510 573 2597 praedicamenti?
595 2532 751 2597 quaenam
760 2534 809 2622 rqs
825 2515 1145 2606 habeunseuulpeaea

197 2627 308 2696 dicam
328 2628 355 2693 B
380 2643 412 2693 et
429 2627 482 2713 D‚·
511 2643 569 2694 aut
592 2628 706 2694 habent
728 2630 951 2718 praedicatum
979 2633 1031 2716 B,
1053 2637 1142 2714 ctq'ut

200 2761 276 2812 nota
296 2762 342 2812 est
369 2745 433 2814 E?
455 2743 554 2832 quid,
578 2747 715 2842 relatum
731 2747 777 2812 ad
794 2775 842 2828 y,
867 2754 1012 2835 sequitur
1030 2771 1069 2816 eu
1088 2759 1142 2820 aii

199 2841 240 2932 lu
256 2881 411 2952 quaenam
425 2881 566 2946 genera,
589 2865 714 2930 ratione
726 2865 824 2952 ipsius
842 2865 891 2944 B,
913 2865 1072 2934 diuiditur
1085 2873 1116 2930 A
1125 2875 1144 2934 ,2

202 2979 412 3062 interrogatio
438 2993 665 3061 nonnunquam
694 2996 756 3046 tarn
775 2993 882 3064 potest
901 3001 970 3047 esse
991 2999 1089 3065 vaga,
1114 3001 1146 3049 et

202 3097 415 3179 universalis,
447 3111 483 3163 ut
511 3095 617 3180 inepto
646 3097 724 3178 fiat,
758 3098 859 3179 quatis
886 3114 956 3165 est:
987 3100 1066 3185 quid
1085 3093 1145 3166 no·

203 3219 283 3282 mini
307 3221 341 3281 in
363 3220 432 3283 nita
461 3214 752 3302 acciderepotest?
782 3213 863 3303 quid
885 3237 938 3282 nos
960 3215 1044 3282 docet
1074 3217 1148 3282 lusa

203 3337 290 3402 toria
315 3337 487 3419 gentium?
531 3331 611 3419 quid
645 3338 801 3400 recentior
828 3333 964 3418 Physica
1003 3333 1147 3416 detexit,

204 3449 361 3522 ueteribus
376 3455 597 3540 incognitum?
619 3451 732 3538 quibus
754 3454 916 3518 erroribus
934 3451 1058 3518 obnoxii
1072 3467 1146 3518 sum

169 3644 173 3657 .
206 3569 370 3638 nomines?
397 3567 486 3654 Quid
509 3573 654 3656 sequitur
673 3591 712 3635 cn
737 3571 899 3658 Principio
924 3541 1179 3641 aunenrudiceioa‘

207 3690 286 3756 nis?
470 3753 474 3760 .

250 3807 311 3872 Sed
325 3804 491 3890 judicanda
511 3819 558 3870 est
577 3803 832 3888 interrogationis
854 3803 954 3867 virtus
975 3817 1006 3868 et
1032 3802 1145 3867 vitium

208 3923 340 3988 maxime
358 3923 530 3988 secundum
553 3923 744 4002 consiliunt,
767 3923 855 4005 quod
882 3921 945 3984 sibi
970 3919 1148 4004 proponit4

210 4039 266 4124 qui
288 4038 472 4124 interrogat.
529 4041 629 4110 Aliud
657 4040 743 4107 eninr
766 4053 831 4122 est,
866 4039 1081 4123 interrogare,
1114 4053 1150 4104 ut

1076 4168 1154 4220 scn-
