2852 4874
238 465 244 475 '
294 468 342 538 ss
500 443 1039 546 aaaoesohaaa

295 636 420 718 xenaia,
453 637 621 720 rariusque
657 637 852 718 naealroains,
884 636 955 714 sive
989 635 1068 705 ratio
1098 633 1164 702 veri
1196 633 1248 702 iu·

299 755 472 840 quireadi,
508 769 591 824 aoso·
621 771 737 838 genere
759 753 881 830 diversa
910 769 982 834 ast,
1025 753 1248 828 Mathematici

298 871 391 962 etiam
414 873 493 949 irena
526 871 706 950 societatem
731 887 784 946 aut
813 875 951 953 nolunt,
970 885 1028 946 ¹aaa
1057 891 1167 956 parurn
1189 889 1245 943 cu-

299 1005 382 1074 rant,
427 990 510 1056 Sarae
538 989 571 1054 ia
599 988 761 1074 Mathesi,
785 1009 867 1073 quae
893 1007 967 1058 suas
996 988 1145 1056 notiones
1170 987 1246 1060 inan·

291 1104 429 1192 'ginibus
449 1106 604 1188 illustrat,
636 1121 735 1189 atqtre
755 1109 795 1178 ad
814 1108 938 1176 libitum
960 1107 1086 1193 Quanta
1106 1105 1243 1187 format,

301 1225 435 1310 paulonas
452 1237 528 1294 sunt
548 1238 653 1308 partes
675 1224 924 1310 imaginationis,
943 1242 1036 1307 quarn
1049 1223 1082 1290 in
1099 1222 1248 1290 Philoso.

299 1341 387 1426 plaia.
443 1340 526 1416 Sunt
553 1341 645 1410 etiarn
675 1360 744 1412 orta
774 1343 972 1414 incommoda
1006 1361 1046 1412 ex
1080 1340 1247 1424 utriusque

299 1458 486 1554 disciplinae
505 1458 612 1544 inepta
630 1461 834 1532 confusione.

276 1625 311 1649 ν.
343 1577 462 1666 Quaeri
492 1593 597 1650 umen
628 1593 759 1662 potest,
798 1598 874 1648 num
913 1578 1120 1664 Philosophia
1157 1595 1249 1662 prae-

299 1699 418 1770 aurum
445 1697 526 1781 quid
555 1699 668 1782 adepta
699 1699 764 1781 ait,
786 1697 997 1784 negligenda,
1026 1711 1059 1764 et
1079 1695 1147 1766 fere
1167 1715 1248 1766 uon-

299 1817 467 1886 oemneaua
497 1816 568 1896 via,
599 1835 694 1899 quam
716 1815 755 1883 ad
780 1833 891 1884 verum
918 1815 1177 1899 cognoscendum
1198 1813 1249 1882 in·

300 1933 389 2018 gradi
411 1934 495 2001 solet
516 1932 695 2001 Mathesis:
718 1951 797 2000 num
820 1934 873 2000 illa
899 1933 949 2000 via
976 1949 1038 2002 tarn
1059 1932 1182 2001 diuersa
1204 1936 1248 2002 ait

299 2050 340 2116 ab
360 2065 415 2128 eu,
439 2065 521 2130 quae
540 2066 631 2126 verae
653 2048 877 2132 Philosophiae
897 2051 939 2118 sit
958 2049 1194 2136 ingredienda,
1210 2067 1250 2120 ut

301 2168 415 2261 haec,
442 2183 531 2249 quae.
557 2165 777 2240 laudandorum
795 2165 951 2242 ‚omnium
972 2167 1096 2234 arrium
1132 2185 1247 2249 parens

301 2299 333 2352 et
353 2283 546 2369 procreatrix
573 2282 710 2364 dicitur,
732 2281 824 2348 istam
848 2303 920 2350 curn
941 2283 1081 2352 Mathesi
1100 2303 1251 2367 respuere

301 2401 415 2470 debeat
440 2399 684 2485 cognationum:
718 2418 794 2466 num
812 2417 983 2486 perversus
1010 2401 1054 2468 rei
1078 2420 1157 2481 usus
1180 2399 1251 2468 suf-

301 2519 406 2602 ficiat,
428 2533 466 2586 ut
481 2520 720 2585 .condanrnetur
744 2518 793 2599 is,
816 2517 873 2601 qui
903 2519 1024 2604 iudicio
1055 2533 1088 2585 et
1110 2520 1256 2586 consilio
1297 2517 1310 2530 '

302 2637 358 2704 fiat
369 2684 381 2720 ,
393 2637 530 2703 -hanc
541 2637 760 2720 quaestionem
777 2634 847 2702 aliis
868 2637 1056 2704 tractandam
1068 2639 1248 2720 relinquen·

302 2768 377 2835 aas,
406 2753 440 2819 id
460 2768 546 2821 eerte
570 2756 642 2839 jure
663 2753 762 2844 ¹uobis
787 2753 938 2822 affirmare
962 2755 1127 2838 videmur,
1150 2756 1250 2824 maxi·

302 2867 382 2946 maan
402 2891 475 2940 esse
490 2872 572 2939 inter
591 2873 647 2938 has
669 2871 852 2956 disciplinas
873 2851 1071 2944 societatem.

314 3023 318 3032 ·
346 2990 445 3078 Quod
466 2989 495 3056 si
526 3003 630 3056 autem
663 2988 849 3074 philosophi
877 3009 1048 3058 onumero
1067 2991 1246 3078 disciplina-

303 3129 374 3177 rum
408 3107 704 3192 philosophicarum
744 3110 817 3193 jure
848 3102 1021 3176 excludunt
1037 3135 1038 3138 ¹
1055 3109 1245 3196 Mathesin,

304 3228 413 3311 quaeri
439 3240 574 3310 potest,
595 3239 702 3291 utrum
733 3225 768 3291 in
800 3224 933 3292 Graecia
961 3227 1151 3296 Matheseos
1172 3228 1248 3296 Phi·

303 3344 477 3430 losophia,
514 3362 554 3409 an
589 3341 814 3428 Philosophiae
849 3342 1009 3410 Mathesis
1041 3343 1140 3412 fuerit
1169 3365 1246 3430 pro·

304 3462 459 3532 oreatus,
486 3461 553 3528 -llla
579 3459 727 3546 profacto
754 3463 913 3544 praeclaro
941 3455 1169 3548 procraaarlcis
1188 3483 1248 3532 no·

305 3581 390 3649 mire
429 3579 523 3666 digna
563 3595 636 3645 esse
668 3577 822 3660 videtur,
868 3595 951 3662 quae
989 3583 1109 3664 prior,
1141 3581 1252 3664 qualis

304 3699 348 3766 sit
366 3696 595 3778 acientin,suo
614 3698 759 3782 exemplo
781 3695 896 3764 dooere
914 3710 1028 3781 coepta
1048 3712 1111 3765 est.
1155 3698 1250 3784 Quae

304 3816 388 3884 enim
413 3830 522 3900 potest
554 3833 626 3882 esse
652 3831 707 3882 aut
730 3813 963 3900 Philosophia,
979 3829 1040 3884 aut
1065 3815 1247 3901 Mathonis,

302 3947 359 4000 aut
385 3933 447 3999 ulla
477 3933 643 4016 doctrina,
674 3934 702 4000 si
731 3933 834 4001 omns
866 3949 985 4020 remota
1008 3949 1058 4002 est
1086 3933 1247 4002 scientia?

302 4051 413 4141 Qualis
435 4064 538 4119 autem
559 4052 602 4118 sit
620 4053 775 4135 scientia,
798 4051 874 4120 satis
902 4065 1046 4124 accurate
1064 4051 1123 4120 his.
1138 4050 1245 4121 verbis

1192 4169 1247 4236 da-
