2852 4874
404 461 940 548 Pnonroounun
1093 461 1142 560 ψ

195 689 228 740 5,
247 671 300 725 aut
321 653 442 740 aliquld
461 669 650 740 magnopere
668 653 737 722 veri
758 654 865 722 inesse
882 653 1030 736 crcdtnt,
1041 671 1135 742 qutun

186 805 226 860 3,
247 773 312 856 iis,
337 791 422 857 quac
454 771 679 840 Mathematica
712 771 1135 841 necessitate-demonstrari

192 925 223 974 5,
245 905 396 976 possunt.
440 890 552 974 ltaque
578 907 668 958 mens
688 905 728 977 ec
761 889 823 956 hoc
851 889 942 972 quati
970 887 1075 974 rigore
1096 889 1137 958 ud

192 1049 224 1092 „
244 1008 321 1074 alica
340 1007 435 1076 etiam
456 1006 662 1090 disciplinas,
684 1023 768 1089 quae
790 1005 840 1074 cia
865 1021 897 1074 et
917 1006 1138 1076 retroneum

193 1161 223 1206 „
244 1139 371 1205 untur,
402 1123 609 1205 remittenda,
641 1139 673 1190 et
707 1123 739 1189 in
768 1123 807 1189 iis
828 1123 999 1190 mouenda
1018 1122 1136 1208 rebus,

192 1287 222 1325 „
244 1260 325 1324 quae
349 1239 541 1325 experientia
557 1253 589 1306 ct
608 1239 829 1325 probabilitate
850 1239 1094 1308 continentur.”

234 1357 393 1441 Accedit,
414 1373 452 1424 ut
473 1357 686 1424 doctrinarum
714 1356 830 1424 studiis
851 1374 918 1422 norr
938 1357 1043 1424 solum
1063 1375 1137 1428 acn-

191 1493 251 1544 ccs
271 1475 360 1556 veri,
381 1473 603 1542 verumetiam
623 1489 739 1542 senatu
757 1473 880 1558 pulchri
901 1489 934 1541 ec
952 1473 1029 1542 boni
1048 1477 1136 1544 alen·

190 1593 253 1662 dus
276 1592 344 1674 sit,
364 1609 462 1674 atque
487 1593 574 1660 nulla
593 1608 667 1660 occe
687 1589 793 1676 possit
822 1587 1006 1672 fructifera,
1038 1605 1137 1675 atquo

191 1710 338 1776 salutaria
367 1709 464 1776 animi
489 1711 640 1791 cultura,
662 1725 745 1792 quae
774 1725 842 1775 non
867 1725 907 1774 eo
936 1706 1071 1790 tendat,
1102 1719 1137 1776 et

191 1827 328 1894 maxime
352 1826 503 1910 quidem,
537 1840 575 1893 ut
606 1825 658 1892 hic
687 1842 801 1894 sensus
822 1822 1017 1910 perficiatur.

237 1945 387 2012 Norimoa
414 1959 547 2026 auum,
576 1961 657 2026 quoe
683 1943 723 2010 dc
747 1941 969 2029 conjungenda
993 1941 1137 2011 Mathoni

187 2082 265 2130 curu
286 2061 406 2130 Litcris
426 2059 694 2142 humanioribus,
715 2059 851 2146 Physica
876 2074 973 2142 atque
988 2060 1138 2130 Philoso-

188 2179 268 2266 phia
284 2178 440 2262 diximus,
463 2198 529 2246 mro
560 2177 659 2262 accipi
686 2177 883 2262 importem,
903 2191 941 2245 ut
958 2177 1138 2250 Mathema-

187 2297 276 2364 ticus
307 2295 357 2362 hia
388 2296 481 2362 etiam
512 2293 633 2381 artibus
661 2309 695 2362 et
726 2293 877 2362 doctrinis
907 2297 1057 2364 excellere
1081 2297 1137 2366 do·

188 2415 278 2482 beat.
322 2413 420 2480 Aliud
443 2411 526 2480 onim
546 2426 597 2480 cat
617 2425 753 2480 mentem
784 2412 824 2480 iis
850 2413 1017 2496 excolere,
1039 2427 1138 2499 atquc

188 2533 231 2602 iia
255 2531 414 2599 discendis
447 2530 486 2596 ad
513 2529 738 2598 Mathematicn
770 2533 864 2597 etiam
893 2530 999 2597 ¹studia
1033 2531 1138 2616 aptio·

190 2668 258 2717 rcrn
278 2648 369 2730 lieri,-
389 2647 475 2714 aliud
496 2647 530 2714 in
552 2646 632 2732 ipsis
651 2648 822 2730 excellere,
844 2648 932 2730 quod
951 2648 1134 2732 pracsertim

188 2765 317 2836 nostris*
341 2764 560 2850 temporibus,
587 2764 645 2833 ubi
678 2781 739 2832 turn
764 2766 828 2832 late
852 2767 1065 2834 attenduntur
1084 2786 1137 2834 ar·

187 2901 241 2952 tes
253 2932 266 2966 ,
278 2901 349 2950 raro
361 2881 429 2950 lieri
437 2896 567 2968 potest,
578 2896 674 2966 atque
690 2897 853 2966 nunquam
867 2893 1074 2966 neceaseect3
1086 2915 1133 2940 ‹-

189 3001 277 3070 aliud
292 3014 343 3068 ost
362 3017 433 3068 orae
450 2999 627 3080 artificem,
647 2998 733 3066 aliud
750 2999 920 3066 liberaliter
939 3017 1009 3066 csse
1028 3002 1134 3068 erudi·

190 3131 274 3184 tum.
318 3113 441 3182 Hacin
469 3131 504 3181 re
523 3095 635 3180 notatu
658 3111 841 3198 dignissima
860 3113 1029 3198 videntur,
1052 3135 1135 3200 quae

189 3233 233 3300 td
252 3231 469 3315 quaestionem
495 3243 636 3311 mutim,
663 3249 702 3296 an
728 3232 820 3314 plura
845 3231 911 3300 aiut
931 3231 1042 3300 futuro
1066 3253 1136 3302 ora·

188 3347 257 3417 tori
275 3347 372 3416 simul
388 3347 642 3434 diacendn,vere
660 3346 740 3416 dixit
762 3347 1078 3436 Quintilianus(
1101 3351 1134 3436 ).

192 3507 217 3552 „
238 3463 358 3552 Quaeri
378 3465 486 3545 solet,
515 3481 577 3546 an,
599 3464 691 3532 etiam
717 3464 746 3530 si
773 3465 920 3534 discenda
950 3467 1015 3534 sint
1034 3469 1133 3548 haec,

191 3631 217 3670 „
238 3581 489 3668 (Grammatico,
527 3580 677 3665 Musica,
707 3581 912 3663 Geometria,
943 3584 1136 3652 Pronuntia-

193 3743 219 3786 „
239 3700 312 3782 tio,
343 3697 490 3778 Gestua,
521 3696 599 3782 alia)
630 3698 740 3766 codem
766 3713 911 3783 tempore
931 3713 1033 3769 tamen
1056 3705 1135 3776 tradi

539 3843 543 3849 ·
1024 3839 1137 3902 „om

228 4013 272 4087 (ι)
291 4011 337 4068 Dc
355 4009 478 4069 hclilul.
496 4012 575 4069 Orci.
593 4011 659 4068 Lib.
679 4007 709 4111 L,
721 4001 755 4067 C.
772 4027 798 4064 a.
818 4013 846 4108 j·
861 4026 918 4064 aa.

655 4113 692 4191 G
1004 4116 1009 4126 .
1101 4092 1117 4122 rc
