2878 4860
405 391 927 482 P'ttoueoomnna.
1035 409 1146 503 ,4iit

200 603 351 698 cipionis,
404 622 489 696 quae
525 621 679 674 sensuum
713 619 748 671 et
782 621 912 673 naturae
945 605 1137 676 testimonio

197 735 367 817 nituntur,
405 749 647 824 supervacuam
675 748 726 801 est
763 731 1004 815 demonstrare,
1041 733 1137 826 quod

196 861 306 958 aliqua
341 875 474 932 naturae
508 879 564 931 aut
589 861 667 932 artis
702 863 833 934 actione
860 861 1044 954 perfectum
1067 867 1132 950 sit,

194 989 230 1064 id
258 991 321 1062 hac
352 993 486 1062 actione
514 1009 615 1087 posse
646 987 784 1082 perfici,
821 994 978 1084 quoniam
1012 1011 1053 1064 ex
1076 1011 1134 1062 ex·

195 1123 342 1210 sistentia
362 1095 532 1192 continuo
551 1139 643 1211 patet
667 1117 872 1213 possibilitas
896 1119 975 1212 (t).
1008 1121 1075 1194 Sed
1100 1123 1135 1194 in

198 1249 347 1322 Matheai
371 1267 473 1344 pura,
498 1249 556 1320 ubi
578 1249 860 1346 hoeteatimonio
889 1251 936 1319 uti
961 1272 1029 1322 non
1058 1271 1138 1338 pot-

199 1399 333 1466 sumus,
372 1379 429 1450 sed
457 1363 649 1472 imaginatio
677 1379 853 1478 imagines,
893 1379 991 1472 atque
1013 1380 1137 1452 intelli·

200 1512 310 1606 gentia
339 1509 492 1580 notiones
518 1505 629 1578 iibere·
649 1506 743 1601 fingit
767 1526 802 1580 et
832 1511 1030 1602 conponit,
1054 1509 1134 1587 aiio·

198 1641 240 1715 tis
278 1636 460 1708 rationibus
498 1633 787 1708 demonstrandum
815 1653 866 1706 est
878 1681 891 1723 ,
922 1657 1033 1710 revera
1058 1659 1139 1732 poa·

199 1787 235 1838 ae
254 1763 389 1840 effici-id
413 1763 506 1860 quod
533 1767 578 1836 ita
600 1763 731 1860 fingitur
755 1783 790 1836 et
811 1768 1028 1858 componitur
1053 1767 1133 1862 (a).

115 1951 118 1958 .
199 1892 429 1991 Quamobrem
466 1891 699 1965 describendus
730 1869 781 1964 est
802 1893 946 1979 modus,
996 1917 1066 1990 quo
1102 1897 1139 1970 id

199 2025 270 2096 iieri
302 2026 428 2117 possit,
468 2041 569 2116 atque
605 2021 894 2094 demonstrandum
925 2045 984 2117 per
1021 2032 1139 2102 seriem

198 2153 459 2250 syllogisticam,
476 2151 567 2224 hunc
592 2149 751 2223 efficiendi
770 2149 905 2224 modum
933 2174 1045 2228 uerum
1066 2177 1138 2228 esse

198 2303 233 2356 et
257 2281 492 2368 sufficientem,
517 2283 644 2374 quippe
663 2281 719 2373 qui
736 2279 819 2350 nihil
836 2278 1031 2367 fortuitum,
1053 2285 1137 2361 nihii

198 2411 360 2484 incertum
399 2408 527 2479 habeat.
593 2399 687 2477 liaec
715 2409 863 2478 tractatio
899 2415 1139 2488 enuntiationis

199 2540 366 2638 practicae
399 2537 521 2610 dicitur
550 2535 621 2630 ejus
647 2537 779 2610 solutio.
829 2537 869 2610 In
888 2540 969 2610 'aiiis
996 2541 1142 2622 solutio-¹

201 2670 303 2758 nibus
351 2665 532 2760 descriptio
579 2665 671 2738 modi
716 2667 881 2739 antecedit
923 2670 1020 2742 seriei
1069 2672 1138 2764 syl·
1187 2641 1189 2649 ,

202 2796 395 2896 logisticae‚
446 2817 515 2892 qua
541 2793 613 2890 ejus
650 2796 768 2868 veritas
797 2795 1058 2884 demonstratur,
1102 2803 1140 2876 in

203 2926 276 3000 aliia
312 2927 395 3000 haec
437 2927 537 2999 series
575 2923 617 2996 ad
648 2942 726 2996 eum
757 2925 866 3018 ipsum
906 2948 976 3018 nos,
1008 2929 1145 3005 condu-¹

201 3060 262 3132 cit.
323 3035 573 3150 Nonnunquam
612 3052 794 3146 descriptio
832 3054 924 3128 modi
961 3057 1031 3151 jam
1062 3063 1139 3134 satis

200 3186 343 3272 indicat,
369 3183 414 3257 id·
434 3205 511 3256 vere
541 3181 646 3269 effici,
677 3181 769 3278 quod
792 3205 1019 3277 proponatuta
1048 3189 1142 3284 quoti

204 3319 232 3390 si
253 3315 312 3404 fit,
343 3314 621 3388 demonstratione
651 3333 718 3399 non
743 3334 831 3404 opus
863 3333 926 3386 eat.
973 3315 1142 3390 Enuncia·

204 3449 255 3518 tio
286 3444 454 3539 practica,
487 3442 584 3536 cujus
619 3439 745 3513 solutio
775 3441 844 3514 dari
879 3462 1014 3537 potest,
1045 3465 1146 3544 atque

204 3570 550 3673 requiritur,.dicitur
574 3571 767 3646 Problema.

371 3703 377 3718 '
1077 3693 1145 3783 Ut,

239 3826 284 3899 (ι)
303 3825 456 3910 Similiter,
474 3842 509 3882 ax
525 3835 615 3882 menie
632 3825 861 3898 neroniani,
880 3828 1048 3902 experieniin
1064 3831 1150 3902 efficii
1243 3849 1246 3858 ’

208 3919 386 3984 definitione·
401 3927 499 3982 realaa·
517 3925 592 4019 vio..
602 3947 631 4000 p·
649 3928 713 3986 4⁴⁴.
1004 3917 1007 3924 ⁵

195 4019 203 4034 ‘
244 4027 286 4106 (SJ
305 4025 373 4089 νὴ
389 4047 421 4103 Po
436 4027 500 4090 “⁵-

626 4119 723 4222 Pur
