2856 4862
330 457 853 536 rtotacouaun
1013 455 1059 560 Q

126 659 362 730 enunciationis
384 657 519 743 dicunt,
541 655 664 752 Logici
682 657 778 728 aliam
801 649 900 728 'etiam
920 657 1059 732 induxe-

121 807 217 871 mut;
243 808 312 858 non
333 807 406 858 earn
419 784 583 880 'quidem
608 807 693 879 quae
711 790 755 858 ait
776 789 860 858 inter
882 807 944 874 ea,
968 801 1055 881 quae

125 917 287 986 materiam
321 917 562 988 enunciationis
589 915 758 1003 efficiunt,
803 917 863 987 sed
898 937 983 1010 quae
1016 919 1059 989 sit

125 1045 205 1116 inter
226 1046 333 1138 ipsam
360 1046 642 1132 enunciationem,
678 1063 776 1140 atque
811 1045 1055 1131 assensionem,

125 1194 217 1266 quam
249 1175 315 1267 ipsi
337 1176 531 1258 tribuimus,
559 1197 668 1269 quam·
685 1176 878 1248 relationem
905 1174 1056 1268 appelln-

125 1321 197 1373 mut
206 1302 456 1375 moralitatem.
481 1304 583 1374 Aliud
599 1307 689 1374 enim
698 1323 769 1391 est,
787 1299 1053 1377 enunciationem

123 1428 334 1502 solummodo
353 1451 563 1524 proponere,
577 1431 681 1517 aliud,
691 1431 847 1502 affirmare
859 1432 1055 1525 simpliciter

121 1560 403 1646 eames'sessveranr
414 1557 625 1652 ,‚alitid,eam
644 1565 829 1633 necessario
845 1583 953 1632 veram
973 1583 1055 1635 esse.

125 1683 207 1761 Hine
236 1687 356 1780 triplex
377 1692 521 1762 nascitur
552 1693 821 1763 enuntiationum
850 1712 976 1788 genus,
996 1715 1057 1764 cu·

121 1815 170 1908 jus
186 1821 332 1910 primum
355 1841 406 1890 est
427 1821 500 1892 sine
517 1821 721 1906 assensione,
743 1821 801 1892 ubi
821 1819 904 1892 nihil
928 1820 969 1891 de
985 1821 1056 1914 ejus

123 1949 249 2018 veritate
277 1949 451 2038 statuitur,
476 1949 657 2020 secundum
685 1967 734 2019 est
761 1971 839 2022 cum
864 1953 1054 2025 assensione

122 2077 288 2169 sinplice3
316 2079 447 2174 tertium
482 2099 560 2150 cum
590 2078 796 2164 assensione,
822 2101 907 2174 quae
927 2068 1055 2176 cogita·

126 2224 173 2278 tur
190 2228 260 2278 esse
284 2207 489 2280 necessaria.
543 2205 634 2276 Haec
659 2208 718 2278 tria
741 2227 859 2303 genera
884 2201 1053 2301 appellau-

126 2337 387 2417 tur,enunciatio
402 2336 674 2428 problematice,
695 2339 906 2421 assertoria,
930 2357 964 2408 et
973 2351 1055 2432 apo·

125 2465 249 2557 dictita,
267 2467 363 2559 (r),
400 2485 544 2557 quorum
565 2466 756 2558 hujusmodi
785 2465 936 2560 exempla
958 2481 1052 2537 sunt:

125 2589 171 2663 Sit
198 2592 280 2664 linea
313 2595 345 2664 A
374 2595 517 2687 nequalia
545 2594 649 2666 lineae
679 2595 726 2680 B,
757 2601 818 2666 'aut
845 2592 898 2664 fae
922 2595 955 2666 A
980 2607 1054 2664 esse

125 2721 284 2815 aequalem
311 2725 361 2810 ὓς
387 2723 473 2794 linea
503 2725 534 2792 A
561 2723 660 2797 dueta
691 2744 742 2794 est
779 2723 924 2818 aequalis
946 2722 1050 2796 lineae

124 2847 173 2938 u,
194 2851 274 2922 linea
297 2853 330 2924 A
354 2851 556 2945 nonipotest
585 2875 653 2924 non
682 2873 753 2923 esse
786 2853 930 2947 aequalis
949 2854 1052 2925 lineae

122 2977 161 3047 B.
199 2979 352 3050 Membra
384 2983 623 3052 enuntiationis
666 2983 901 3072 hypotheticae
926 3001 961 3052 et
987 2984 1054 3052 dis·

123 3105 267 3198 junctae,
293 3107 418 3180 multae
441 3105 738 3204 interrogationes,
765 3111 957 3201 opiniones,
974 3106 1053 3180 sen'·

126 3239 254 3325 entiae,
275 3257 358 3334 quas
379 3257 436 3308 aut
453 3236 556 3308 modo
580 3235 656 3306 Con
661 3235 813 3330 junctivo
838 3235 1025 3308 Verborum
1036 3286 1051 3322 ‚,

993 3387 1051 3439 am

127 3541 288 3618 categorias,
313 3569 381 3620 quoa
409 3557 490 3606 vocal
520 3552 714 3610 Substantiam
736 3560 764 3606 el
781 3554 937 3614 Accidens,
960 3553 1052 3602 Caut-

127 3661 178 3698 tam
192 3657 218 3701 et
233 3653 400 3728 Effectum,
432 3653 650 3706 Communionam
679 3654 954 3724 (Reciprocationem
976 3648 1052 3723 inter

125 3763 193 3816 rgena
209 3759 235 3803 et
250 3751 379 3822 petiens).
399 3751 511 3806 Confer.
530 3757 557 3822 5.
575 3771 617 3823 ²9·

153 3851 194 3934 (ι),
220 3849 263 3904 Ex
288 3849 462 3906 moralitatis
489 3851 577 3903 tribua
607 3850 696 3903 modia
727 3849 843 3901 Knnliua
874 3845 984 3916 collegii
1003 3845 1051 3900 lm

120 3947 286 4020 filogonius:
317 3949 545 4004 Poteibilt'tatem
573 3955 601 4000 et
625 3945 998 4018 Imptonuibilitatem‚·11'm
1021 3934 1052 4000 A

119 4062 169 4107 m
182 4045 271 4122 lete,
292 4051 500 4134 Necessitatem
516 4053 545 4102 et
564 4046 797 4114 Continentia.
