2924 4854
316 407 389 498 w4
528 407 1049 485 Paouauouaaa

312 613 365 664 cer
393 603 450 666 hac
472 599 654 667 inductione
685 616 717 666 et
748 602 901 687 Analogia
929 602 1071 684 utimur,
1092 597 1251 686 simulque

316 717 355 782 ad
376 737 410 782 ea
439 720 550 783 sedulo
581 719 793 800 attendimus,
819 739 901 801 quae
927 739 964 786 ex
985 721 1030 785 rei
1054 721 1175 788 ratione
1204 735 1252 788 at⁴

313 851 381 916 ope
405 831 523 900 formae
544 849 575 901 et
606 835 729 917 generis
754 837 859 902 indole
895 845 1155 920 consequuntur,
1196 855 1251 903 na*

314 967 385 1018 tura
405 951 473 1035 ipsa
499 967 607 1027 nostra
625 949 741 1038 judicia
767 955 950 1036 plerumque
972 949 1148 1021 confirmat.
1187 955 1253 1020 Ve⁴

314 1087 412 1151 rum,
445 1067 473 1134 si
507 1088 571 1135 non
602 1089 747 1136 cavemus
774 1087 869 1154 atque
902 1073 1024 1137 incante
1046 1072 1187 1152 agimus,
1212 1072 1251 1137 iri

314 1205 427 1272 graves
450 1203 570 1253 errores
585 1187 720 1254 incidere
735 1208 916 1270 possumus.
950 1191 1032 1254 Nam
1056 1205 1093 1255 ut
1108 1187 1253 1255 inductio

317 1305 360 1371 ita
379 1307 468 1371 etiam
479 1307 631 1388 Analogia
654 1309 752 1371 solam
774 1305 1025 1388 probabilitatem
1044 1304 1153 1384 affert,
1172 1323 1253 1388 quae

313 1441 419 1490 tamen
440 1423 530 1490 etlam
559 1443 597 1490 eo
626 1422 745 1488 lirmior
763 1422 822 1504 iit,
845 1441 910 1504 quo
930 1425 1036 1506 plures
1054 1437 1130 1488 sunt
1146 1433 1250 1490 earum

315 1555 439 1623 rerum,
464 1556 541 1623 quas
571 1551 811 1621 comparamus,
834 1517 1016 1606 communes
1041 1558 1147 1608 notae.
1190 1540 1253 1608 Per·

315 1657 1248 1743 mammmmmmnnmmmcfflmmmem

316 1797 426 1844 omnes
446 1778 523 1859 ipsis
542 1795 611 1842 esse
633 1793 724 1840 noras
752 1789 934 1840 communes
947 1815 959 1855 ,
972 1775 1038 1840 -sed
1059 1793 1109 1840 eas
1140 1775 1252 1853 solas,-

314 1891 1253 1977 mmmmNJWQQMMmmd

313 2027 425 2128 persae
452 2012 507 2074 secl
529 2009 649 2075 eaedem
684 2009 813 2092 forent,
835 2029 927 2092 quom
959 2010 1051 2077 etiarn
1080 2009 1251 2093 perfectam

317 2126 533 2209 aequalitatem
568 2139 676 2192 natura
710 2147 813 2194 creare
831 2139 903 2194 'nou
932 2131 1025 2194 solet.
1070 2127 1252 2195 Ridiculum

316 2243 423 2326 foret,
469 2263 505 2310 ex
532 2263 594 2324 eo,
638 2245 727 2326 quod
756 2260 836 2310 terra
863 2261 893 2310 et
920 2247 993 2311 luna
1020 2242 1254 2338 multis-rebus

318 2362 528 2439 conveniant,
556 2361 724 2444 colligere,
758 2361 890 2428 habitari
918 2365 1022 2428 lunam
1050 2363 1088 2428 ab
1119 2360 1255 2430 homini-

317 2479 403 2558 bus,
432 2477 617 2544 animalibus
645 2495 675 2543 et
696 2480 834 2562 plantis,
857 2479 959 2562 qualia
989 2493 1064 2546 sunt
1088 2480 1123 2544 iu
1144 2497 1256 2564 super-

317 2595 390 2661 licie
408 2612 527 2678 terrae3
552 2598 639 2678 quod
659 2613 787 2681 prppter
809 2598 957 2682 physicas
976 2599 1112 2666 rationes
1127 2619 1168 2668 ne
1184 2607 1256 2668 esse

319 2714 445 2795 q'uidern
467 2729 594 2795 potest.
617 2713 677 2797 (1)
892 2787 898 2796 ,

362 2816 535 2899 Amouda.
571 2854 600 2898 a.
644 2831 743 2918 Quod
771 2847 892 2898 veteres
925 2831 1068 2898 dicebant
1096 2827 1257 2901 Inductio·

318 2971 389 3015 nem
422 2951 649 3035 (παραγωγὴν,
692 2948 878 3031 ἐπαγωγὴν)
901 2949 996 3014 aliud
1034 2965 1098 3014 erat
1129 2949 1256 3016 ratioci⁴

319 3065 413 3134 nandi
439 3085 558 3148 genus,
592 3065 681 3147 quod
712 3083 752 3132 ex
778 3065 934 3132 similibus
967 3065 1151 3135 ducebatur.
1195 3067 1256 3135 Cl-

1177 3199 1258 3254 cero

355 3417 396 3486 (r)
425 3415 564 3472 Habitari
589 3419 634 3468 ai!
659 3417 847 3486 Xenophanen
873 3418 904 3469 r'n
930 3416 1016 3480 luna,
1051 3431 1167 3489 eamque
1193 3427 1258 3474 eard

318 3529 422 3574 terram
450 3499 602 3568 multarum
632 3515 762 3580 urbium,
794 3509 893 3584 (acad.
920 3503 1034 3584 Qurcab·
1053 3514 1105 3570 lv.
1122 3514 1254 3586 39.)3m1

319 3635 388 3686 quae
419 3615 517 3668 Cicero
547 3614 637 3668 addit:
670 3623 806 3685 portento
831 3617 976 3668 videntur:
1005 3617 1057 3667 aad
1081 3624 1174 3666 tanuen
1199 3629 1257 3668 nea

319 3716 388 3780 ille,
418 3717 466 3786 qui
488 3715 579 3777 dixit,
601 3714 701 3780 jurare
720 3722 818 3782 puroet
834 3713 877 3764 ita
901 3733 931 3766 aa
946 3699 1144 3778 tondehere,
1164 3731 1256 3802 nequo

320 3823 385 3886 ομ
416 3811 472 3868 Sed
498 3831 551 3869 uon
578 3813 678 3876 credo,
708 3813 901 3866 Aslronumum
926 3803 1034 3864 noalrao
1050 3811 1162 3876 aeuus,
1190 3825 1257 3891 cuae

318 3913 386 3965 artis
402 3913 536 3978 peritum,
556 3912 578 3964 si
595 3911 648 3965 hoc
664 3911 819 3964 testimonio
835 3911 958 3966 veritatis
974 3929 1043 3980 opua
1058 3913 1113 3976 eii,
1142 3929 1258 3992 recun-

320 4017 413 4065 lurum
428 4027 507 4076 epea,
526 4011 592 4082 quin
608 4019 702 4065 conara
718 4015 810 4083 jurei,
827 4014 872 4070 ira
887 4031 918 4067 ae
933 4031 991 4068 rem
1008 4031 1065 4067 raon
1080 4011 1192 4067 nahem
1233 4000 1258 4042 ·⁵
