2938 4856
410 453 961 572 Pronroounnn·
1079 441 1151 540 ἠγ

213 674 341 728 sertor.
388 649 512 736 Ratio,
536 645 694 724 curbare
716 663 792 717 verr
824 645 886 728 sit,
909 660 965 714 out
986 659 1071 738 quoe
1093 661 1153 740 er·

215 780 319 875 plicat
344 777 433 852 bunc
461 797 582 851 nexum
612 773 797 860 causalem,
845 769 1029 844 declaratur
1056 775 1153 845 voci·

215 910 301 982 bus:
328 929 407 980 cum
431 907 557 988 sciam,
582 924 671 1002 quae
694 905 758 977 ria
785 901 836 975 ad
862 901 966 974 istum
989 897 1154 995 furorem

209 1033 337 1134 serat,
372 1054 412 1105 ea
440 1035 529 1104 enim
557 1033 610 1104 vio
636 1031 748 1102 transit
777 1049 837 1124 per
862 1027 1052 1116 mendacis,
1072 1029 1157 1104 ndu·

213 1161 377 1250 irtiones,
421 1160 636 1258 largitiones,
677 1178 777 1254 atque
811 1179 909 1252 sacpe
936 1179 998 1252 per
1028 1158 1173 1245 scelera,

218 1291 366 1365 nefanda.
574 1265 576 1270 ,

266 1419 395 1492 Rursus
424 1416 676 1513 conjunctiones
710 1419 869 1510 temporis
900 1417 1155 1513 hypotheticum

219 1551 319 1622 etium
350 1569 472 1622 nexum
505 1545 667 1618 declarare
701 1565 864 1640 possunt3
903 1566 962 1618 ut:
1000 1547 1158 1623 miserior

218 1700 273 1764 er,
310 1701 387 1752 cum
422 1679 460 1750 in
491 1697 622 1749 omnem
654 1671 820 1772 fraudem
856 1677 994 1770 raperis
1032 1678 1157 1768 oculis,

219 1829 323 1903 quam
343 1808 375 1880 sa·
398 1808 534 1881 omnino
559 1806 666 1924 oculos
693 1828 757 1879 non
780 1803 934 1880 haberer.
956 1805 978 1898 (
1002 1801 1025 1900 )
1051 1863 1062 1890 ,

262 2028 437 2098 Animadv.
463 2049 493 2098 1.
516 2007 566 2096 Ut
583 2045 686 2094 nexus
703 2026 910 2112 cogitatorum
928 2026 961 2094 in
973 2027 1159 2100 Muthesuos

220 2145 413 2232 disciplina,
452 2146 509 2230 qui
540 2144 673 2232 efficitur
702 2143 976 2232 cnunciutionibus
1002 2148 1161 2232 hypotbe·

220 2265 313 2349 ticis,
341 2262 454 2330 melius
485 2261 713 2346 perspiciatur,
744 2279 810 2329 non
841 2261 966 2330 videtur
984 2283 1002 2331 a
1023 2285 1057 2332 rc
1084 2266 1160 2334 ulit·

220 2367 410 2462 num'esse‚
436 2383 512 2448 haec
533 2378 787 2470 animadvertere.
829 2379 905 2466 Quo
922 2382 1019 2466 turgis
1041 2400 1159 2466 nugen-

221 2515 275 2566 tur
306 2512 361 2566 nut
386 2495 606 2564 diminuuntur
635 2510 729 2561 notre
755 2495 890 2582 subjecti
915 2497 1032 2582 prioris
1062 2519 1161 2568 mem·

220 2615 294 2699 bri,
336 2635 375 2684 eo
406 2615 505 2702 magis
533 2613 625 2681 etiam
661 2628 815 2698 augentur
852 2629 907 2681 aut
940 2615 1160 2714 diminuuntur

221 2749 314 2804 notre
338 2731 473 2819 subjecti
495 2731 681 2816 posterioris
699 2731 855 2814 membri;
878 2747 932 2798 rut
956 2752 1021 2816 quo
1052 2737 1159 2818 plures

163 2863 169 2880 ·
221 2849 420 2918 conditiones
455 2847 613 2916 adduntur
648 2847 749 2932 priori
778 2849 943 2930 membro,
975 2869 1014 2916 eo
1044 2853 1161 2923 arctio·

221 2966 311 3034 ribus
351 2965 504 3034 limitibus
540 2963 809 3032 circumscribitur
840 2966 1013 3034 membrum
1053 2981 1164 3068 post03

222 3083 302 3152 rius.
828 3065 832 3076 ’

265 3201 312 3269 Ut
331 3202 393 3269 boc
414 3200 612 3280 iliustretur,
633 3212 831 3283 proponatur
851 3201 1050 3268 enunciatioz
1073 3205 1102 3269 si
1118 3201 1161 3286 fi·

219 3338 308 3406 gnra
326 3319 491 3388 rectilinea
509 3331 649 3403 quatuor
670 3315 763 3383 habet
782 3319 933 3404 angulos,
957 3317 1164 3406 Quadrilatn·

224 3456 296 3534 rum
320 3437 516 3502 rectilineum
547 3447 604 3500 est.
650 3433 794 3501 Addrtur
824 3435 993 3518 conditio,
1016 3451 1053 3503 ut
1079 3436 1164 3506 duae

223 3553 402 3640 diagonalrs
414 3545 542 3640 figuror
561 3566 670 3618 mutuo
691 3570 723 3617 te
744 3554 897 3618 secontia
916 3568 1025 3640 partes
1045 3528 1167 3642 aequa-⁸

223 3671 278 3738 laes.
335 3667 598 3756 Quadrilattrum
628 3666 727 3751 magis
762 3682 830 3733 tum
868 3667 1163 3758 circumscribitur,

224 3797 320 3870 atquc
351 3801 466 3852 novam
493 3782 608 3869 accipit
626 3797 752 3863 notun,
779 3800 861 3865 quur
878 3785 912 3851 in
931 3803 970 3854 eo
990 3787 1167 3873 consistit,

232 3983 236 3992 .
1080 3959 1087 3990 ·.
1124 3922 1163 3976 ¹¹⁸

260 3993 304 4100 ’ω
323 4027 385 4084 to.
401 4027 502 4096 onus
517 4025 552 4084 r·
569 4027 687 4118 mm.
703 4025 847 4097 two
947 4057 953 4061 -
1163 3995 1168 4017 ‘
