2856 4862
411 409 924 490 Pnoaaoounur.
1075 413 1141 512 πᾳ

248 607 347 684 Haec
379 629 442 682 nos
470 607 663 682 conducunt
687 609 727 681 ad
760 609 1048 706 contemplandam
1071 627 1145 684 ter·
1263 668 1267 676 ,

202 743 293 816 iiam
336 737 405 832 (r)
454 737 688 834 intelligentiae
738 743 925 823 actionem,
975 764 1039 833 qua
1085 759 1145 833 per

202 889 327 953 urant,
351 889 410 942 aut
431 869 539 961 plures
566 871 832 956 enuntiationes,
857 887 941 960 quae
971 889 1063 938 verae
1091 867 1148 940 ha·

205 997 338 1078 bentur.
369 997 556 1094 colligitur,
595 995 691 1068 aliam
729 1015 801 1068 esse
831 1015 964 1080 veram,
990 999 1073 1069 adeo
1110 1017 1147 1068 ut

207 1131 402 1202 contineant
423 1147 576 1212 cauum,
601 1145 660 1199 cur
683 1145 758 1196 veta
783 1121 929 1196 habenda
953 1125 1003 1196 sit.
1055 1125 1147 1200 Haec

208 1258 297 1330 actio
342 1253 463 1328 elicitur
494 1257 721 1336 ratiocinari,
763 1273 861 1348 atque
886 1275 905 1325 a
931 1245 1044 1328 multis
1075 1253 1149 1348 phl-

209 1383 365 1481 losophis
389 1381 544 1480 singulari
569 1381 880 1469 montanarium,
915 1401 1014 1476 quam
1045 1383 1153 1458 ratio·

211 1535 289 1588 nem
317 1533 467 1604 vocant,
506 1509 734 1606 diversamque
772 1513 813 1581 ab
846 1513 1059 1608 intelligentia
1091 1533 1154 1605 po·

214 1664 317 1726 nunt,
358 1644 525 1748 tribuitur.
586 1640 806 1722 Enunciatio,
839 1661 924 1734 quae
950 1643 993 1712 itu
1014 1659 1054 1712 ex
1083 1627 1153 1713 aliis

217 1769 404 1868 colligitur,
430 1771 617 1857 conclusi03
641 1788 697 1840 eae
720 1773 851 1847 autem,
877 1767 1057 1860 exquibus
1083 1765 1156 1838 col·

217 1897 353 1995 ligitur,
372 1899 586 1992 praemissae
600 1912 767 1968 vocantur.
792 1895 940 1978 Totum,
963 1915 1004 1967 ex
1019 1894 1157 1966 conclu·

217 2031 312 2101 sione
343 2045 377 2098 et
398 2028 581 2122 praemissis
608 2045 782 2110 constans,
801 2025 962 2099 indicatur
988 2043 1072 2096 voce
1097 2039 1158 2098 ra-

220 2155 394 2232 monasio
425 2175 485 2228 seu
517 2153 739 2251 syllogismus.
765 2151 833 2244 (o)

271 2283 335 2359 His
356 2283 562 2380 syllogismis
593 2281 741 2354 eflicitur
761 2287 869 2352 omnis
903 2281 1158 2354 demonstratio.

223 2413 476 2490 Demonstrare
499 2416 586 2482 enim
614 2414 874 2505 propositionem
902 2411 947 2480 nil
975 2413 1061 2482 aliud
1089 2427 1159 2495 est,

223 2549 286 2619 nisi
319 2545 490 2618 ostendere
522 2563 593 2611 earn
624 2559 695 2612 esse
732 2542 982 2612 conclusionem
1015 2559 1055 2609 ex
1091 2557 1159 2612 uno

226 2693 283 2745 aut
310 2673 459 2767 pluribus
485 2672 685 2766 syllogismis
708 2673 811 2756 veris,
838 2675 895 2764 qui
927 2689 1033 2740 tamen
1058 2669 1167 2741 divet-

228 2805 272 2874 ais
294 2801 401 2872 modis
432 2807 576 2894 proponi
603 2821 761 2892 possunt,
793 2817 891 2894 atque
918 2802 1016 2868 etiam
1039 2801 1101 2882 ita,
1127 2817 1165 2870 ut

229 2929 336 3024 aliqua
362 2931 536 3024 praemissa
560 2947 628 2998 non
661 2929 871 3022 designetur,
898 2933 924 2997 si
950 2929 1165 2997 exorationis

232 3078 407 3136 contextu,
430 3077 588 3150 quaenam
610 3059 668 3139 sit,
694 3057 770 3124 satis
801 3058 1005 3146 perspicitur.

278 3185 333 3261 Ne
357 3207 469 3260 autem
499 3190 582 3257 inter
602 3207 637 3256 sc
658 3183 898 3255 confundantur
932 3161 1169 3276 consequentia

233 3331 337 3414 alque
361 3319 522 3390 conclusio
546 3317 741 3414 syllogismi.
793 3315 1059 3412 Consequentia,
1080 3283 1169 3405 ¹quae

1117 3461 1173 3535 est

271 3605 320 3692 'tas
337 3621 420 3676 cnr.
438 3637 468 3690 p.
484 3623 531 3676 aa.

280 3731 323 3802 (a)
351 3729 558 3801 Συλλογισμῦς
585 3697 603 3780 a¹
629 3727 788 3799 ollisque
820 3725 958 3797 colligare.
1010 3721 1176 3776 Praemlaasa

233 3829 436 3884 arachaeum
455 3836 518 3883 sunt
533 3835 660 3898 tanquam
681 3829 810 3890 nummi,
828 3841 862 3877 ex
878 3841 996 3894 quoram
1016 3821 1173 3888 suaitiune,

234 3943 283 3990 m
306 3928 468 3988 museum
489 3928 583 3999 prodit
598 3944 727 3994 sumana,
746 3943 815 3998 quaa
834 3931 875 3980 eal
892 3923 1044 3978 andusia.

894 4157 931 4168 ob·-
