2924 4854
425 391 943 494 Rnonneonsmm
1088 395 1157 472 Mt

227 599 285 652 ent
312 587 430 668 speciei
454 603 508 651 aut
540 587 686 669 generis,
728 585 832 655 omnia
860 588 1044 674 individua,
1072 605 1165 670 'quae

230 702 386 786 speciem,
408 718 463 768 aut
482 723 590 768 omnes
612 701 755 784 species,
779 723 859 786 quae
882 722 980 788 genus
1004 702 1168 784 formant,

231 824 447 904 congregantia
479 839 566 886 suut.
611 820 692 905 Quis
713 835 815 885 autem
845 800 948 892 onurla
983 834 1085 885 cenae
1114 839 1171 885 cu·

233 940 356 1024 jusdam
386 938 502 1022 speciei
534 937 698 1016 animalia,
730 941 874 1018 plantas,
897 937 1075 1018 mineralia‚
1102 957 1173 1004 ver·

237 1057 303 1135 bo,
342 1077 378 1122 aa
405 1075 485 1138 quae
512 1071 577 1122 arte
601 1070 656 1120 aut
688 1073 798 1120 natura
823 1055 975 1138 producta
1001 1069 1101 1136 sunt,
1129 1055 1172 1120 ita

237 1174 439 1260 exploravit,
463 1187 499 1239 ut
523 1161 635 1252 notas,
664 1173 804 1254 ipsorum
824 1172 985 1252 omnium,
1006 1189 1086 1253 quae
1103 1189 1175 1256 ape·

238 1292 316 1357 ciem
327 1289 549 1370 constituunt,
570 1306 775 1369 communes,
793 1303 847 1354 aut
867 1289 957 1370 suis,
969 1301 1024 1354 aut
1040 1288 1176 1355 allorum

242 1406 516 1474 observationibus
545 1423 576 1472 et
603 1407 821 1489 experimentis
849 1421 937 1472 certo
960 1405 1175 1490 cognoverit?

241 1526 390 1612 Quantus
417 1541 466 1591 est
493 1545 526 1590 v.
550 1543 580 1590 o.
602 1543 753 1590 numerus
779 1543 910 1604 eorum,
939 1543 1019 1605 quae
1042 1523 1080 1588 ab
1103 1522 1180 1588 His·¹

241 1643 340 1708 toriae
358 1642 517 1708 Naturalis
536 1642 711 1706 cultoribus
724 1657 882 1720 nunquam
900 1655 1069 1724 conspecta
1090 1655 1178 1707 sunt.

246 1761 292 1826 At
320 1779 396 1825 vero
425 1761 457 1825 in
487 1759 617 1825 maxima
646 1775 747 1824 rerum
774 1756 979 1838 diversitate,
1024 1771 1182 1838 quasna-
1241 1813 1243 1820 ,

245 1889 317 1942 tura
345 1875 513 1959 producit,
543 1875 731 1940 admirabilis
758 1876 906 1956 quaedam
934 1874 1054 1954 ubique
1080 1873 1183 1940 cerni·-
1243 1848 1248 1866 ¹

248 2007 301 2060 tur
318 1992 539 2073 uniformitas,
562 2011 663 2073 quae,
683 1993 850 2076 conjuncta
870 2010 942 2056 eum
960 1990 1107 2056 laudabili
1129 1991 1181 2056 illa

245 2125 343 2192 atque
370 2109 565 2189 insatiabili,
586 2111 736 2178 humanae
766 2125 892 2174 naturae
921 2106 1040 2188 insita,
1061 2109 1184 2192 cupidi·

249 2241 313 2293 tate
338 2227 573 2309 cognoscendi,
594 2245 707 2307 resque
733 2243 893 2310 perceptas
922 2239 953 2291 et
979 2226 1129 2309 cogitatas
1152 2227 1185 2292 in

247 2345 368 2428 iustum
398 2344 538 2409 ordinem
566 2343 748 2427 redigendi,
791 2343 949 2408 homiaem
981 2343 1116 2425 excitat,
1149 2357 1186 2412 ut

249 2460 292 2528 ad
317 2459 470 2544 principia
491 2459 676 2526 universalia
702 2461 942 2544 progrediatur,
965 2461 1132 2542 omniaque
1153 2461 1187 2526 in

251 2577 393 2658 classes,
415 2595 526 2661 genera
547 2593 581 2643 et
599 2578 719 2662 species
742 2579 882 2658 dividat,
904 2597 1076 2659 eorumque
1094 2597 1190 2658 quae·

253 2709 302 2760 rat
328 2708 446 2777 notas,
468 2711 562 2777 atque
583 2696 625 2760 ita
649 2715 743 2784 suam
760 2715 860 2762 rerum
888 2695 1099 2781 cognitionem
1121 2715 1192 2777 per·

250 2807 442 2892 rectiorem,
468 2831 581 2894 resque
609 2813 697 2893 ipsas
728 2816 904 2878 innumeras
940 2830 1028 2894 aptas
1059 2813 1190 2892 reddat,

255 2949 336 3012 quae
358 2928 568 3014 intelligentia
595 2931 908 3011 comprehendantur.
959 2929 1045 2994 Haec
1071 2928 1194 3012 cupidi·

256 3061 325 3128 tas,
366 3061 461 3128 atque
491 3047 565 3116 haec
594 3061 721 3112 naturae
758 3045 979 3129 uniformitas,
1015 3046 1067 3111 eui
1099 3048 1194 3116 toties

255 3181 438 3247 perspectae
458 3165 555 3229 homo
578 3162 739 3228 maximam
763 3161 876 3228 tribuit
898 3163 1013 3244 fidem,
1035 3161 1194 3246 efficiunt,

258 3298 316 3363 ut,
339 3283 372 3347 in
393 3300 431 3347 eo
449 3301 618 3365 progressu
643 3281 872 3364 augementis,
904 3281 983 3346 hanc
1010 3281 1072 3346 sibi
1098 3297 1195 3363 ponat

256 3399 486 3482 cognoscendi·
501 3398 621 3482 legem:
659 3397 751 3484 Quod
785 3399 922 3465 omatibus
953 3398 1045 3466 rebus
1078 3399 1197 3467 indias·-

257 3513 331 3582 duis
361 3513 493 3598 ea‘usdem
519 3516 673 3600 formae,
706 3518 783 3600 (atat
817 3516 954 3584 omnibus
981 3515 1113 3606 ejusdem
1142 3537 1198 3604 gr·

259 3635 345 3702 auris
369 3630 501 3716 formis)
531 3654 613 3720 quae
634 3632 756 3718 quidem
786 3631 991 3721 deprehensae
1015 3652 1120 3715 sont,
1142 3637 1198 3703 r'r‘s·

261 3767 322 3834 que
347 3748 475 3831 multis,
502 3747 702 3814 tribuendum
729 3767 795 3830 ast,
826 3747 977 3817 idearum
998 3753 1129 3839 reliquis
1151 3769 1199 3820 est

260 3864 484 3948 tribuendum,
525 3887 607 3952 quae
645 3888 706 3932 non
732 3883 806 3933 sunt
834 3868 1050 3957 deprehensae.
1113 3869 1200 3936 Haec

259 3983 468 4052 concludendi
488 3986 591 4068 ratio,
614 4005 674 4066 qua
693 3985 814 4068 generis
841 4001 896 4054 aut
917 3987 1034 4073 speciei
1053 3987 1201 4056 delinitur

1127 4125 1202 4190 pro·
