2944 4856
437 469 955 546 Ptoueoomrnm
1099 485 1186 563 ssp

236 685 282 748 aa.
310 661 572 760 'syllogismus,
605 667 662 757 qui
691 683 946 757 repraesentatur
973 663 1176 736 enuntiatio·

234 817 279 866 tte
306 817 368 880 to,
392 795 514 866 dicitur
538 793 718 866 Dilemma
743 787 944 888 (δίλημμα)
967 813 1024 864 seu
1050 813 1174 874 corum

235 939 311 1008 tua,
335 923 427 1018 quod
458 944 561 1026 genus
602 926 634 992 in
668 925 784 1016 primis
813 943 987 1014 usurpatur
1012 921 1052 994 ad
1077 919 1176 994 tefel»

235 1050 364 1123 iendam
408 1053 599 1122 sententiam
647 1050 789 1122 ulterius.
861 1051 936 1144 Ipsa
974 1052 1055 1122 hoec
1101 1069 1174 1120 sens

236 1183 336 1252 tentia
358 1202 424 1274 pto
457 1181 635 1274 hypothesi
670 1181 834 1266 sumitur,
884 1179 975 1273 quod
1013 1178 1175 1251 indicatur

236 1331 322 1382 uoce
344 1312 375 1384 ti
399 1336 424 1381 at
449 1327 516 1396 est,
543 1328 641 1402 atque
662 1309 860 1394 ostenditur,
886 1309 926 1379 id·
940 1329 1017 1380 esse
1038 1308 1176 1396 falsum,

234 1437 327 1532 quod
358 1437 506 1533 legitime
533 1439 608 1509 inde
642 1457 882 1532 consequatur,
909 1460 1010 1532 quate
1040 1457 1175 1509 necesse

208 1611 212 1620 ·
235 1586 304 1654 est,
331 1569 520 1646 seutentiam
550 1571 652 1664 ipsam
679 1587 749 1644 esse
790 1565 913 1638 falsam.
963 1566 1099 1642 Dicitur
1117 1587 1175 1636 uu·

236 1715 304 1775 tem
320 1714 500 1782 cornutus,
525 1695 615 1790 quod
634 1697 725 1789 quasi
745 1696 933 1790 suppeditat
946 1697 1176 1788 cornua,qui·

237 1825 300 1910 bus
317 1826 356 1896 ud
371 1824 584 1895 refellendum
606 1827 708 1895 utitur
719 1845 909 1920 aggressum
926 1844 1024 1920 atque
1041 1809 1175 1906 Dilem'·

236 1975 315 2040 ma,
342 1955 433 2048 quasi
449 1948 498 2031 δὶς
513 1948 746 2044 λελήμμενον,
770 1953 820 2024 bis
837 1967 997 2048 captum,
1020 1953 1112 2048 quod
1127 1956 1194 2052 is,.

236 2087 294 2180 qui
310 2086 501 2196 sententiam
522 2083 684 2168 defendit,
710 2083 859 2176 qualibet
881 2103 972 2174 purte
994 2103 1174 2188 concessa,

235 2215 389 2306 capiatur.
412 2213 448 2283 Si
471 2214 657 2290 enuntiatio
680 2213 843 2306 disjuncta
864 2211 963 2285 habet
984 2214 1050 2283 duo
1070 2233 1173 2283 mem·

237 2341 295 2428 bra
307 2337 425 2434 (uutss
444 2362 515 2425 est,
532 2361 586 2409 aut
606 2364 632 2434 γ
653 2345 722 2430 est)
739 2342 857 2412 dicitur
877 2341 1059 2414 Dilemma
1075 2362 1171 2412 sensu

238 2473 425 2560 strictiore,
449 2471 697 2558 siuebicorni53
723 2474 749 2540 si
772 2473 851 2554 triu,
871 2469 903 2541 T
898 2473 1060 2544 rilemma
1074 2467 1172 2566 (Τρί-

234 2601 381 2694 anuum)
406 2604 476 2672 sive
504 2602 687 2684 tricornis,
711 2621 807 2694 atque
834 2605 999 2685 omnino,
1025 2604 1051 2670 si
1080 2599 1172 2694 plura

233 2749 331 2836 quarn
360 2727 427 2799 duo
462 2727 561 2799 habet
590 2730 755 2805 membra.
800 2729 1007 2822 Polylemma
1036 2729 1174 2828 (ssohu-

233 2859 381 2950 hunno)
406 2879 462 2929 seu
483 2859 708 2930 multicomis.
745 2857 991 2948 Polylemmatis
1016 2855 1172 2952 exemplo

233 2987 366 3058 inservit
388 2985 450 3074 id,
472 2988 563 3080 qood
583 3008 624 3056 ex
651 2987 735 3060 iibro
754 2985 794 3055 de
817 2986 1033 3058 Divinatione
1055 2985 1082 3058 1.
1111 2989 1168 3080 38.

231 3109 441 3191 exhibuimus
463 3137 497 3208 p.
530 3135 616 3206 149,
643 3118 674 3185 in
704 3137 774 3208 quo
795 3117 905 3186 insunt
925 3117 1069 3209 quinque
1095 3136 1171 3196 cota

226 3264 302 3316 nua.
350 3242 444 3316 Haec
466 3245 711 3340 argumentandi
741 3246 824 3314 ratio
853 3247 985 3314 minime
1015 3263 1066 3316 est
1080 3241 1170 3347 'conf

230 3373 426 3459 temnenda,
443 3375 470 3444 si
497 3395 594 3458 acute
617 3394 651 3453 et
675 3374 853 3469 prudenter
869 3392 1055 3466 usurpatur.
1280 3347 1285 3354 ¹

273 3631 321 3709 V.
332 3633 425 3708 Cum
436 3635 680 3709 enunciationes
702 3653 830 3730 1-15.
849 3632 1013 3707 sormuiae
1031 3639 1096 3706 sint
1109 3655 1167 3730 ge·

224 3762 370 3849 netaleS,
394 3767 427 3836 iu
457 3762 576 3858 quibus
610 3790 655 3847 a,
680 3761 732 3854 β,
756 3788 804 3858 γ,
926 3783 1064 3857 possunt
1095 3786 1165 3838 esse

225 3895 471 3967 enuntiationes
500 3894 660 3987 cujusque
686 3893 835 3986 generis,
872 3911 993 3987 atque,
1025 3897 1052 3964 si
1078 3915 1167 3967 cate·

225 4024 360 4134 gotiene
388 4040 483 4110 sunt,
507 4041 579 4124 esse
604 4020 851 4110 universaliter,
877 4043 933 4094 aut
962 4023 1188 4116 particulari-‚3

1115 4173 1163 4233 tet
