2856 4862
337 462 855 536 Pnoaaoonsum
1000 447 1057 559 'Q

112 657 180 726 aina
201 672 347 740 negans,
378 651 563 734 quaeetiam
578 651 722 718 limitans
742 650 804 718 dici
825 666 955 737 potest,
979 673 1063 738 quo·

116 773 207 840 niam
232 770 394 838 affirmatio
415 768 593 852 limitibus,
625 787 665 834 ex
682 769 850 854 negatione
868 771 969 853 ortis,
1002 771 1064 839 cir·

114 888 361 957 cumscribitur.
406 887 505 976 Quod
526 886 555 953 si
579 901 684 956 auteur
714 887 747 952 in
775 889 907 956 notione
927 889 1064 977 subjecti

115 1009 183 1096 jam
209 1007 295 1076 inest
321 1025 357 1074 et
381 1020 459 1073 nota
488 1004 666 1090 affirmans,
700 1006 879 1074 enuncimio
907 1007 1065 1094 disjuncta

117 1139 253 1193 constat
283 1127 388 1192 solum
419 1142 461 1192 ex
493 1122 620 1190 duobus
655 1123 827 1208 membris,
849 1123 974 1198 velatis
1016 1129 1068 1194 hia

118 1243 213 1310 hom
232 1256 295 1310 aut
316 1249 406 1312 aluus
423 1254 493 1328 est,
512 1255 574 1308 aut
593 1255 736 1309 mortuus
759 1256 819 1310 ast.

165 1357 349 1428 Animada.
372 1379 405 1426 a.
452 1357 594 1426 Maxima
610 1377 684 1443 pars
704 1359 900 1446 cognitionis
917 1361 1070 1442 hnmanae

121 1477 303 1547 declaratur
333 1475 611 1548 enuntiationibus
641 1475 861 1566 categoricis,
891 1471 1067 1562 inquibus

125 1593 310 1678 subjectum
339 1605 390 1662 est
419 1593 513 1660 notio
546 1591 701 1677 inferior,
731 1596 945 1680 praedicatum
966 1609 1072 1666 autem

126 1707 546 1796 mmumffimssasp
610 1710 1070 1798 Hmefflwdwfflmm

127 1828 298 1913 mjosnan
326 1827 450 1913 generis
475 1841 530 1894 aut
554 1824 675 1896 formae
700 1829 743 1897 sit
765 1828 962 1915 subjectum,
986 1831 1076 1914 quod

130 1943 215 2013 idem
242 1943 281 2010 fit
302 1943 335 2009 in
365 1943 641 2013 mmciauonibus
663 1945 892 2033 singularibus.
935 1949 983 2016 Ita
1002 1949 1076 2032 qui·

133 2061 206 2130 dem
235 2060 388 2131 mirabilis
406 2062 532 2131 exsistit
552 2063 632 2131 ordo
658 2063 910 2148 cogitationum,
944 2065 1001 2148 qul
1026 2065 1077 2133 in·
1160 2103 1168 2122 ·

133 2181 250 2268 primis
268 2182 409 2250 cernitur
428 2179 462 2250 ln
484 2179 630 2249 Historia
651 2181 820 2264 Naturali,
852 2180 907 2248 ubi
928 2185 1077 2268 plantae,

134 2297 306 2381 animalia,
333 2297 516 2382 mineralia,
548 2299 672 2383 aliaque
692 2299 725 2366 in
744 2300 884 2384 classes,
915 2317 1026 2387 genera
1045 2313 1078 2368 ct

137 2414 262 2484 formae
282 2415 481 2502 digeruntur.
546 2415 704 2506 Cogitatio
721 2419 792 2514 ipsa
812 2417 1025 2485 relconsistit
1046 2415 1081 2484 in

96 2567 102 2578 ·
137 2534 354 2620 proponendo
376 2534 462 2619 apud
485 2533 623 2605 animum
648 2553 714 2602 rem
741 2535 893 2622 signatam
923 2533 1078 2618 notione,
1110 2577 1113 2584 -

140 2671 207 2736 qua
233 2651 268 2717 in
300 2649 407 2734 aliquo
438 2669 552 2736 genere
579 2666 634 2720 aut
664 2651 766 2720 fonna
794 2671 897 2719 rerum
926 2651 1081 2736 ponitur,

134 2783 243 2852 atque
258 2781 440 2835 constantes
451 2767 566 2851 accipit
576 2781 680 2836 notas.
726 2765 762 2834 Si
784 2767 966 2853 quaeritur,
988 2763 1085 2854 quod·

142 2907 220 2954 nam
237 2885 412 2972 autquala
447 2884 619 2974 quidquam
648 2888 709 2966 sit,
743 2886 955 2967 respondetur
987 2899 1087 2948 enun-

141 3005 285 3074 tiatione
303 3003 509 3090 categorica,
536 3019 615 3088 quae
636 3000 727 3084 quasi
746 3003 852 3066 locum
880 2997 1019 3079 indicat,
1050 2997 1084 3080 ln

147 3142 215 3208 quo
237 3121 422 3207 ponendum
440 3121 497 3188 sit.
541 3121 576 3188 si
596 3119 691 3187 dico:
714 3117 769 3184 hoc
788 3121 841 3183 'cst
860 3112 1085 3201 triangulum,

146 3239 290 3322 affirmo,
319 3239 351 3305 id
371 3237 460 3323 quod
480 3237 597 3320 video,
638 3236 726 3320 quod
752 3233 852 3322 digito
878 3234 1085 3316 demonstro,

143 3365 221 3426 else
242 3355 443 3443 subjectum,
486 3357 577 3442 cuius
613 3367 689 3421 nota
719 3353 772 3444 sit
793 3353 845 3418 illa
876 3350 944 3435 ipsa
975 3348 1091 3431 notio,

151 3493 248 3558 quarn
278 3492 359 3541 voce
380 3472 540 3561 inunguit
560 3470 707 3555 designo.
1057 3459 1059 3463 ’

195 3591 234 3660 Si
258 3591 437 3682 subjectum
461 3603 512 3657 est
539 3591 648 3671 notio,
670 3606 706 3655 ea
729 3587 895 3676 perspicua
906 3569 1095 3667 ,i'distincta

150 3723 187 3778 et
232 3708 389 3791 completa
428 3705 571 3773 redditur
616 3704 837 3773 enuntiatione
882 3685 1092 3786 Categorica,

152 3823 327 3892 definiente
353 3837 483 3912 notas,
502 3823 571 3890 sive
599 3823 785 3890 affirmantes
815 3820 884 3886 sive
923 3833 1094 3906 negantes,

155 3955 242 4026 quae
266 3938 327 4025 ipsi
354 3941 539 4008 tribuendae
566 3935 654 4006 sunt.
708 3937 876 4024 Duplicem
898 3950 1001 4004 autem
1028 3927 1101 4008 mo·

155 4045 236 4130 uun
265 4041 358 4127 inhia
372 4057 514 4144 cogitate
534 4073 722 4144 possumus.
766 4037 894 4126 Etenim
919 4051 1099 4162 enuntiatio

180 4173 186 4200 ²
1039 4181 1094 4238 m
