2938 4856
438 415 969 490 Pnonnoonnun
1093 399 1169 512 §w

226 611 367 709 telligit,
393 627 612 706 agnoscatur,
646 606 707 682 hae
733 629 832 704 saepe
854 612 888 682 in
917 609 1168 683 demonstratio·

216 753 268 816 'ne
294 744 513 826 omittuntur,
543 741 735 834 praesertim
766 741 794 812 si
823 759 866 810 ex
888 737 1168 812 demonstratione

225 874 298 968 ipsa
320 889 431 966 patet,
457 867 571 962 quales
602 870 679 939 sint.
737 868 877 964 Semper
902 888 1015 940 autem
1040 869 1169 940 omitti·

225 987 280 1074 tur
303 1003 360 1074 lex
384 998 600 1094 Syllogismi‚
625 999 721 1092 cujus
745 1001 863 1070 veritas
884 1019 927 1070 ex
951 997 1168 1071 rationaLo·

224 1133 300 1228 gica
322 1131 489 1222 sequitur,
514 1149 614 1222 atque
634 1149 696 1222 per
720 1149 755 1198 se
777 1147 827 1199 est
855 1133 1044 1223 perspicua.
1090 1119 1167 1204 Hac

224 1237 325 1358 igitur
348 1260 468 1332 omisso
494 1260 647 1330 oriuntur
678 1255 873 1355 Syllogt'smt‘
905 1257 1062 1352 praecisi
1098 1259 1170 1334 for·

228 1395 321 1474 mae:
348 1398 371 1458 λ
393 1407 463 1471 est,
484 1408 565 1482 ergo
593 1389 713 1482 Qasr,
739 1388 861 1478 veluti:
883 1390 999 1461 omnia
1021 1385 1060 1460 A
1085 1405 1168 1463 sunt

227 1519 284 1609 B,
309 1541 390 1614 ergo
414 1519 580 1591 nonnulla
607 1515 640 1588 B
667 1533 749 1589 runt
771 1511 831 1607 A,·
853 1536 952 1612 atque
981 1516 1028 1589 ita
1048 1516 1104 1590 alii
1126 1537 1171 1592 ex

227 1651 444 1723 conversione
472 1668 506 1718 et
527 1649 810 1740 contrapositione
835 1647 912 1720 orti.
960 1647 1019 1735 Si·,
1046 1666 1084 1720 ut
1112 1669 1173 1722 an·

233 1798 285 1851 tea
309 1777 399 1872 (1),
426 1775 527 1848 literis
548 1779 601 1864 A,
616 1773 671 1862 Ε,
684 1775 722 1861 l,
748 1775 783 1848 Ο
798 1780 924 1849 utimur
941 1775 984 1848 ad
999 1776 1171 1874 designan-

230 1909 305 1980 dam
336 1907 546 2010 quantitatem
576 1926 610 1977 et
643 1905 836 1999 qualitatem
876 1909 1168 1997 enuntiationum,

231 2057 315 2134 quae
335 2019 477 2108 ¹materia
502 2037 722 2122 conveniunt,
747 2034 784 2107 hi
811 2033 1005 2134 syllogismi
1028 2055 1124 2113 sunt:

252 2221 286 2300 ι.
313 2195 556 2294 Αιιι,ειςοΙ
571 2213 636 2282 est,
647 2196 706 2269 ted
713 2195 1173 2296 nequeoesmequeaen.

253 2317 287 2401 n.
313 2329 353 2402 A
365 2350 431 2400 non
444 2342 513 2413 est,
537 2343 618 2419 ergo
635 2323 741 2400 Oest.

254 2479 286 2554 3.
309 2457 343 2532 Ε
360 2474 430 2544 est,
455 2476 538 2550 ergo
553 2476 659 2550 neque
672 2453 812 2550 lneque
824 2451 863 2530 A
875 2472 947 2546 cst,
964 2457 1025 2531 red
1038 2455 1070 2530 0
1084 2474 1146 2534 ert.

256 2613 290 2680 4.
316 2587 349 2660 E
374 2611 440 2658 non
465 2601 535 2671 est,
558 2604 641 2679 ergo
664 2581 690 2656 l
709 2587 797 2673 tsi„

232 2763 331 2846 ¹atque
355 2748 504 2821 similiter
525 2745 581 2817 alii
605 2746 702 2840 hujus
729 2747 870 2842 generis.
897 2741 967 2842 (n)

282 2881 330 2951 lta
354 2881 494 2948 etiamt'

233 2997 238 3136 ζ
259 3032 374 3105 Solum
395 3029 427 3098 A
442 3043 491 3100 eat
503 3023 556 3111 B,
572 3045 652 3124 ergo
667 2971 758 3122 quod
766 3048 831 3098 non
845 3040 895 3098 est
908 3025 966 3115 A,
987 3044 1114 3100 nonest
1130 3016 1176 3101 B.

283 3169 402 3256 Omnis
405 3177 562 3275 sarmada
574 3173 809 3250 Arnnmetica
813 3179 990 3274 generalis
1002 3197 1111 3272 potest
1120 3179 1176 3250 ha·

234 3311 307 3386 beri
334 3333 397 3404 pro
418 3305 583 3404 ejusmodi
605 3307 836 3380 enunciatione
858 3309 1067 3401 composita,
1092 3327 1178 3402 quae
1216 3379 1221 3384 .

237 3443 335 3516 iussse
369 3441 536 3512 contineat
562 3455 678 3508 omnes
694 3433 871 3531 formulas
901 3436 1012 3510 minus
1032 3457 1180 3533 genera.-

215 3561 306 3662 με,
333 3591 414 3668 quas
436 3589 478 3640 ert
503 3587 541 3636 ea
560 3561 759 3636 concludere
785 3587 981 3658 possumus3
1006 3566 1177 3656 autetiam

236 3724 304 3796 pro
336 3696 573 3776 enuntiatione
602 3695 816 3784 uniuersali,
859 3714 901 3769 ex
925 3717 991 3790 qua
1004 3777 1012 3792 ‚
1026 3713 1182 3788 sequatur

410 3845 440 3905 ,·
1085 3837 1183 3918 par·

274 3945 316 4018 (a)
336 3943 448 3998 Confer.
466 3955 495 4010 p.
513 3953 574 3998 aar.
656 3973 702 3988 ..
1082 3941 1086 3952 ¹

276 4014 584 4106 ‘'icfflsiwwffiae
626 4027 631 4040 ’
685 4049 769 4194 Qq.
835 4033 839 4040 -
