2852 4874
367 481 894 566 Puorruourum
1066 481 1116 559 61

169 676 278 772 ipsius
297 679 349 750 rei
368 680 527 763 notione,
544 679 668 750 mutar'r
677 691 852 772 nequeant.
890 675 1019 749 Omnes
1034 675 1118 749 allae

169 823 293 894 notae,
335 826 420 900 quae
459 809 506 879 rel
542 827 614 876 esse
645 826 803 898 possunt,
842 823 918 877 suot
939 800 1117 900 fortuitae

167 955 226 1007 aut
250 935 457 1021 mutabiles,
486 937 585 1032 qula,
612 937 694 1030 ipsis
724 936 875 1028 quamuis
898 931 1026 1022 allatis,
1058 953 1116 1006 aut

124 1117 128 1126 .
166 1064 330 1152 arbutis,
355 1085 412 1136 aut
438 1067 588 1152 mutaris,
613 1084 664 1136 res
685 1084 792 1135 samen
817 1085 885 1136 noo
912 1082 1017 1135 cessat
1042 1081 1116 1134 esse

166 1193 328 1289 mgosuda
340 1215 379 1266 ea
392 1197 541 1267 notione.
569 1193 682 1266 Veluti
699 1193 996 1290 parallelogrammi
1017 1215 1117 1268 nome

166 1323 388 1396 necessariae
404 1342 504 1410 -suut,
519 1343 559 1395 ut
573 1324 854 1418 quadrilaterum
873 1325 933 1411 sit,
946 1309 1046 1418 usque
1058 1325 1115 1399 la·

167 1467 249 1524 rora
269 1453 429 1548 opposita
444 1450 574 1526 lrabeat
582 1425 765 1547 parallelo
775 1500 788 1541 ,
798 1473 833 1525 et
840 1473 1057 1548 quaecunque
1074 1475 1117 1528 ex

167 1601 313 1676 utraque
336 1601 416 1654 notu
447 1601 715 1677 consequuntur3
741 1582 798 1654 sed
821 1601 919 1653 notae
941 1581 1117 1680 fortuitas

167 1711 1181 1807 smmmmmmumamuuaswffffiume·

166 1861 284 1914 omnes
303 1842 446 1936 angulos
464 1857 572 1914 rector
593 1839 734 1913 habear.
772 1837 1041 1938 Quamvis·enim
1059 1859 1117 1914 ue·

165 1969 349 2063 quelatera
362 1972 427 2041 slot
438 1971 522 2048 lmer
535 1991 570 2040 se
583 1968 748 2064 aequalia,
758 1989 867 2064 neque
882 1970 993 2068 anguli
1010 1975 1114 2060 rectl,

167 2117 282 2170 tamen
307 2100 389 2172 haec
412 2096 516 2194 figura
541 2119 609 2170 non
634 2119 738 2171 cessar
760 2119 833 2172 esse
850 2100 1114 2198 parallelogram-

169 2249 281 2301 mum·
306 2227 430 2302 Verum
446 2229 508 2300 hae
524 2249 623 2301 notae
629 2226 803 2326 sorralrae
817 2228 1114 2328 parallelogrammi

168 2375 249 2428 uras
272 2377 371 2440 potae
392 2358 604 2430 necessariae
626 2357 797 2452 quadrati,
832 2379 933 2456 atque
954 2364 1113 2449 omnino,

170 2506 264 2581 quae
274 2488 489 2560 necessariae
515 2502 616 2560 norae
633 2502 713 2560 surr
724 2483 882 2584 formae,
890 2501 1034 2582 parsum
1048 2513 1114 2563 erse

170 2631 275 2690 norae
292 2614 466 2715 fhrrulrae
488 2617 636 2714 gereris.
687 2615 802 2713 Quare
835 2635 934 2688 notae
958 2616 1113 2692 fortuitae

170 2743 309 2822 indicari
336 2765 480 2844 possunt
510 2747 742 2818 enunciatione
767 2745 929 2840 diq'uncta
955 2747 1020 2840 (de
1047 2769 1112 2843 qua

171 2875 334 2968 deuceps
365 2873 544 2970 dicetur);
571 2897 640 2947 non
665 2878 746 2946 item
775 2878 984 2950 necessamae.
1024 2875 1113 2950 Vere

171 3007 385 3078 muneratur:
403 3023 504 3078 omne
524 3001 866 3100 parallelogrammum
884 3024 939 3077 aut
955 3005 1054 3078 habet
1066 3007 1112 3077 la·
1160 3087 1161 3092 ,

174 3154 242 3208 tera
265 3137 379 3228 amala
401 3135 567 3230 aequalia,
591 3155 649 3207 aut
675 3129 744 3206 uon
776 3134 896 3220 haben
922 3133 980 3204 sed
994 3132 1112 3231 salsos

173 3239 274 3339 omae
288 3261 493 3359 'quadratum
518 3283 576 3336 aut
608 3263 708 3337 habet
739 3261 839 3336 lutera
863 3263 1036 3370 aequalia,
1056 3283 1114 3337 aut
1154 3311 1162 3326 a

172 3413 241 3468 uon
262 3389 385 3466 lrab'er.¹
417 3391 533 3466 Notae
560 3395 714 3467 fortuitae
743 3413 884 3489 possunt
912 3415 985 3465 esse
1007 3410 1116 3468 exter·

172 3541 235 3596 oue
254 3539 325 3596 'aur
344 3515 503 3596 ims'mae.
543 3521 580 3601 Si
612 3525 756 3596 laternae
774 3541 871 3610 sunt,
910 3523 976 3596 dici
1007 3522 1115 3607 solent

174 3649 367 3749 mmo)

400 3769 407 3784 ’
1062 3783 1118 3858 m·

208 3943 248 4014 (1)
267 3941 516 4008 Lucretius,
545 3958 611 4012 ques
638 3941 866 3998 nosnscesessise
889 3942 1116 4014 slquslorluilro
1160 3994 1162 4000 .

175 4051 250 4114 poue
266 4043 408 4112 Mnus,
427 4060 471 4098 aaa
489 4045 636 4114 conjuncta
652 4051 681 4099 ot
699 4053 798 4108 erem
813 4042 944 4116 appellet·
954 4043 988 4116 uls
998 4047 1116 4114 Natura

1056 4150 1118 4203 Re-
