2896 4858
388 423 915 516 Punuueuuuna.
1065 455 1147 538 ny

196 624 394 712 nectuntque
421 625 486 700 ulia
514 607 991 731 tide-attributaucnnig'enda.
1037 627 1147 714 une-

195 775 450 830 uweueautetn
472 774 564 828 aunt·
582 755 811 843 definitiones,
835 747 918 852 quas
941 757 1037 842 dedit
1053 757 1147 842 'Eu-

198 885 373 972 cl-ides‚
398 885 543 972 circuli,
569 883 721 962 damen
747 887 924 964 unaarum
948 888 1149 983 parallela-

195 1037 300 1104 rum,
351 1017 590 1091 inclinationis
629 1017 777 1092 duorum
807 1017 1145 1112 psammutes

196 1144 305 1240 quue
328 1147 364 1218 iu
393 1146 510 1239 primis
532 1163 584 1217 est
613 1142 767 1243 definitio
793 1144 968 1220 interm
984 1147 1148 1240 perelic-

65 1305 72 1316 ·
195 1277 337 1363 larum,
358 1296 458 1370 quum
480 1276 651 1370 usurpavit
682 1294 759 1347 ven
789 1273 1023 1363 swinden,
1058 1297 1147 1372 quun

194 1408 284 1478 niam
314 1425 355 1478 ex
386 1425 426 1475 ea
450 1403 519 1476 fere
545 1406 709 1478 contiuuo
747 1423 998 1499 consequuntur
1033 1407 1145 1482 omniu

194 1533 257 1608 aliu
281 1513 399 1610 harum
417 1509 580 1618 'lineatum'
610 1533 799 1621 atttibtua'

244 1663 350 1738 Hisce
372 1663 496 1760 regulis
530 1683 565 1736 et
595 1665 782 1758 praeceptis
811 1641 1043 1737 definitionum
1078 1661 1146 1741 alit

193 1796 294 1867 etiam
317 1794 394 1867 addi
421 1793 549 1877 solent,
587 1793 711 1866 veluti:
752 1789 905 1892 definitio
938 1807 986 1866 ne·
1013 1795 1062 1868 sit
1085 1815 1144 1868 ne·

192 1945 295 2021 gans.
368 1923 435 1996 Sed
481 1924 563 1996 haec
605 1919 719 2021 regula
753 1925 872 2017 partim
906 1942 957 1995 est
995 1923 1145 2015 inutilis,

194 2053 373 2150 partimin
400 2053 590 2126 universum
615 2073 685 2126 non
711 2050 811 2124 valet.
859 2048 949 2136 Nam
972 2053 1001 2124 si
1028 2050 1145 2126 dafini-

185 2185 246 2284 ¹tio
267 2203 322 2254 eas
344 2181 445 2254 habet
471 2183 628 2268 virtutes,
677 2201 760 2276 quas
791 2180 951 2270 diximus,
1002 2201 1071 2254 nun
1095 2183 1142 2258 in

193 2329 246 2384 est
264 2329 406 2409 negans,
421 2313 467 2382 ¹ut
491 2311 534 2383 sit
557 2309 744 2405 rejicienda.
795 2309 832 2382 Si
861 2313 957 2385 notio
984 2309 1143 2384 definien-

195 2439 237 2513 da
265 2443 335 2534 ipsa
372 2458 422 2510 est
454 2461 598 2538 negans,
647 2440 728 2535 quid
762 2458 873 2531 vetat,
913 2438 1141 2518 definitionem
1180 2511 1183 2516 .

194 2591 267 2642 esse
292 2571 556 2644 enunciationem
583 2569 788 2668 negantem?
822 2569 923 2650 Tales
955 2590 1032 2644 suut
1062 2571 1143 2648 deii·

193 2701 337 2774 uitiones
362 2701 491 2786 noctis,
528 2701 686 2787 umbrae,
723 2698 954 2788 mortaiitatis,
986 2704 1142 2800 ignorun-

181 2828 282 2916 tiae,
307 2848 392 2902 caet.
444 2829 551 2921 Saepe
572 2830 671 2902 etiam
701 2828 847 2919 accidit,
871 2829 989 2902 utalia
1013 2834 1142 2924 species

194 2957 238 3033 ab
268 2957 332 3030 ulia
363 2979 427 3052 pet
460 2977 574 3030 notam
602 2977 777 3056 negantem
812 2959 993 3034 commode
1027 2960 1143 3035 distin·

192 3107 335 3192 guntur,
373 3108 411 3160 ut
442 3109 475 3160 v.
515 3107 546 3160 n
580 3086 690 3160 bestia
724 3101 774 3160 est
788 3089 958 3178 animi,
1003 3063 1142 3164 ratione

191 3239 260 3290 non
287 3217 518 3314 praeditum:
553 3237 717 3292 numerus
745 3219 864 3326 inpar
893 3235 964 3304 en,
1006 3222 1069 3316 qui
1102 3222 1141 3296 in

192 3348 274 3421 duos
305 3348 464 3442 aequales
494 3368 651 3422 numeros
680 3347 833 3448 integrat
857 3350 970 3426 dividi
997 3371 1064 3426 non
1078 3363 1142 3456 po·

191 3490 283 3568 ειυς
323 3495 522 3570 quamquam
552 3495 667 3548 venum
702 3495 777 3560 est,
814 3475 938 3549 nullum
964 3497 1034 3548 tem
1063 3497 1143 3571 pos-

192 3625 230 3678 se
258 3604 348 3700 juste
387 3605 535 3692 definiti,
575 3606 637 3676 uisi
677 3605 711 3676 in
743 3606 935 3700 praedicato
962 3609 1004 3677 sit
1031 3605 1143 3700 alique

191 3735 290 3808 notio
314 3733 486 3808 affirmans.
535 3731 750 3834 Ptaecipiunt
768 3738 867 3808 etium
887 3737 1062 3841 inutiliter:
1085 3739 1142 3837 ³⁶².

186 3860 303 3962 finitio
337 3861 467 3962 nufias
486 3875 557 3958 per
577 3864 774 3960 disjuncta,
816 3865 918 3937 veinti
948 3869 976 3941 si
1003 3866 1167 3941 diciturt‘⁴
1299 3927 1309 3952 .

47 4013 50 4018 ¹
190 3991 571 4121 mantuanense
592 3977 1143 4122 aquitanam‚esaauRb-tej
1262 3999 1266 4006 ¹

1082 4129 1143 4208 bas
