2896 4858
295 445 375 519 tw!
522 421 1043 498 Ptottoontnn

293 621 453 706 ,laborent
474 635 541 690 non
561 614 715 709 amplius,
729 617 946 712 investigavit.
996 615 1116 712 Neque
1143 621 1244 700 edant

308 769 427 823 curvae
449 744 705 818 mathematicae
736 746 880 838 duplicis
915 765 1151 836 curvaturae,
1193 772 1246 822 at·

168 878 170 889 ¹
292 873 693 982 -quetrnnttcendentet
716 874 749 944 in
781 893 901 968 genera
932 894 967 946 et
993 879 1123 968 species
1147 877 1246 972 plene

292 1005 406 1096 ἰιὶὶιίιὶἰ
427 1020 604 1099 ,ροεειιιιμ
637 1003 794 1096 quonum
821 1003 999 1078 immensus
1031 1025 1082 1080 est
1117 996 1243 1080 illenim

308 1153 463 1227 campus,
488 1129 585 1226 cujus
607 1131 728 1226 exigua
751 1151 829 1224 part
850 1134 1042 1232 investigata
1069 1155 1128 1210 est.

293 1315 300 1356 3
355 1261 504 1352 Aliarum
541 1261 810 1334 enuntiationum
856 1261 1117 1356 disiunctamnt,
1159 1287 1243 1361 quae

304 1379 346 1464 eu
371 1391 532 1464 divisione
557 1386 743 1484 prodeunt,
769 1389 959 1483 hujusmodi
980 1393 1132 1484 exempla
1152 1415 1239 1466 sunt.

293 1587 298 1598 .
351 1519 457 1598 Duae
491 1519 692 1594 directiones
725 1533 790 1592 ant
823 1535 900 1592 tunt
932 1521 970 1594 in
1001 1523 1113 1597 eodem
1134 1525 1241 1626 pinno

295 1667 369 1726 ent
391 1651 429 1722 in
457 1647 601 1722 diversit
622 1646 752 1744 planis.
970 1725 976 1746 „

291 1841 295 1860 .
348 1777 454 1870 Duae
485 1777 705 1865 directiones,
727 1797 818 1872 quae
848 1793 929 1850 tunt
962 1778 1001 1878 in
1025 1781 1139 1852 endern
1160 1783 1242 1876 pin·

292 1931 362 1992 no,
399 1924 463 1980 ant
493 1907 647 1994 nullutn,
689 1922 753 1980 aut
779 1927 886 1978 renunt
913 1924 1051 1981 tantum
1072 1923 1241 2004 pnnctntn

300 2056 471 2110 commune
493 2029 641 2122 habente
664 2033 700 2106 id
723 2053 792 2122 est,
818 2035 931 2110 lineae
960 2053 1096 2124 rectae,
1120 2042 1242 2138 quibus

290 2177 631 2262 ,repraesentantem
656 2181 721 2238 ant
740 2165 941 2259 parallelae
962 2184 1063 2260 tunt,
1086 2187 1152 2244 aut
1174 2193 1238 2244 an·

294 2296 416 2392 guium
431 2290 585 2390 fatiunt.

160 2427 164 2434 '
289 2477 294 2494 .
346 2423 480 2496 Etenim
505 2422 533 2494 si
555 2420 622 2494 duo
646 2439 679 2491 et
702 2421 797 2514 plura
814 2443 935 2516 puncta
951 2445 1028 2500 suat
1045 2429 1124 2517 ipsis
1145 2449 1238 2500 oom-

296 2553 428 2637 munia,
459 2570 528 2622 non
559 2547 642 2622 duae
669 2569 745 2620 sunt
769 2549 990 2641 directiones,
1015 2557 1074 2626 sed
1099 2574 1149 2626 est
1171 2576 1237 2628 una

295 2680 365 2754 sola
391 2679 547 2752 ditectio.
773 2761 776 2770 ,
810 2767 814 2780 Ι

288 2808 445 2901 qutae
468 2807 693 2894 directiones,
730 2830 821 2903 qnae
851 2809 890 2884 in
922 2813 1035 2896 endem
1059 2831 1139 2888 stent
1155 2816 1237 2909 pin·

285 2962 355 3038 nn,
395 2955 500 3037 atque
539 2958 645 3010 nnnrn
677 2951 845 3032 punctum
875 2961 1051 3014 commune
1089 2913 1237 3030 habent,

285 3069 381 3144 inter
413 3090 449 3141 te
482 3064 650 3164 dfflrnnt
676 3043 742 3141 aut
761 3070 888 3166 angulo
920 3087 1032 3160 recto,
1068 3091 1135 3148 ant
1152 3077 1233 3170 ptus

284 3199 440 3274 nainttsre
465 3216 573 3292 quarn
605 3198 734 3294 anguto
763 3214 866 3272 recto.
996 3247 1000 3256 ·

332 3323 442 3399 Notas
459 3345 570 3398 autem
587 3326 727 3398 internas
738 3329 884 3402 notionis
898 3327 1096 3406 directionis
1112 3332 1228 3408 defini·

279 3473 316 3526 re
329 3472 364 3526 et
377 3451 577 3548 distinguere
596 3473 665 3524 non
683 3475 871 3546 possumus.
896 3455 1020 3552 Neque
1042 3464 1141 3534 etiam
1158 3463 1223 3538 ulia

276 3603 330 3656 ent
360 3581 462 3678 hujus
488 3583 634 3656 notionis
660 3583 800 3662 divisio,
826 3587 854 3658 si
882 3587 952 3683 ejus
976 3590 1222 3668 fundamentum

276 3731 347 3806 noo
382 3728 433 3784 est
457 3731 537 3784 nota
570 3710 726 3799 relatiraa
744 3787 746 3794 ,
765 3731 803 3786 ut
830 3735 892 3788 nos
927 3719 991 3810 ipsi
1023 3719 1219 3801 diuisionem

275 3839 476 3924 instituimus
517 3838 558 3926 ad
599 3841 781 3928 renonent,
824 3863 910 3938 quoe
945 3866 995 3918 est
1031 3851 1226 3936 intendunt

276 3967 490 4062 directiones.
551 3967 652 4076 Trea„
668 3989 789 4052 ,tutem
824 3971 978 4068 piutette
1005 3975 1242 4075 directiones,

1066 4117 1071 4124 '
1139 4131 1227 4206 ‘qute
