2938 4856
447 421 1001 506 Vnoneeounun·
1122 415 1188 528 &i

136 593 1226 720 x.²WoeOEoem0menmmmamz

240 768 448 853 magnopere
485 756 673 850 oportebit:
716 777 800 830 nant
829 754 982 830 omnibus
1015 743 1062 828 ia'
1086 739 1188 832 reooo'

149 965 155 978 ,
237 883 424 959 similitudo
451 902 504 959 est
525 879 702 960 satietatis
724 901 852 958 mater.
902 883 949 958 ta
966 872 1190 992 fieri'j'potest

238 1015 361 1089 sinon
378 1013 542 1090 similiter
567 1029 701 1110 semper
734 1001 978 1124 ingrediantur
1007 1017 1046 1090 in
1067 1034 1187 1118 'arget-

239 1144 493 1218 tneniationem.
567 1141 612 1217 In
655 1146 733 1240 ipsa
774 1135 1080 1256 argumentationi
1117 1131 1188 1221 'oon

239 1288 373 1369 setnper
407 1297 433 1349 a
458 1275 689 1370 propositione
728 1275 878 1370 incipoere
896 1291 917 1365 ,⁸
942 1285 1034 1350 ‘nee'
1056 1245 1190 1372 semper

239 1405 392 1504 quiaque
414 1405 579 1496 partibas
602 1403 726 1491 abuti,
765 1427 874 1501 neque
898 1405 1018 1479 eadem
1049 1408 1188 1483 ratione

230 1529 441 1624 partitiones
479 1533 653 1627 expolire:
693 1533 756 1607 sed
787 1550 863 1609 turn
897 1536 944 1609 ab
981 1538 1187 1638 assumtione

237 1641 390 1756 incipere
412 1662 512 1749 lieet,
538 1678 614 1736 turn
643 1662 690 1736 ab
711 1663 959 1760 approbatione
985 1664 1187 1748 alterutra,

236 1807 312 1868 tunt
335 1811 510 1890 atraque,
534 1811 611 1867 tarn
631 1793 692 1871 illo
715 1815 842 1891 genere
864 1793 1186 1888 conplexionisttti

237 1941 304 1996 etc
363 1921 478 2018 Quare
508 1927 608 2006 esiam
638 1922 695 1996 dat
724 1923 903 2016 praecepte
935 1921 977 1994 ad
1013 1919 1098 1995 illud
1132 1925 1185 1994 vi

237 2052 322 2126 num
346 2053 545 2142 uitandumr
538 2075 620 2144 ne,
644 2053 738 2148 quod
749 2054 973 2146 perspicuum
998 2052 1062 2141 sit,
1087 2049 1156 2124 id
1146 2067 1187 2123 ne

235 2182 505 2275 complexionem
539 2169 726 2256 inieramus.
748 2180 822 2277 e()
1182 2189 1186 2198 '

242 2304 332 2382 lle
362 2333 465 2399 vero,
498 2312 592 2405 quod
622 2333 730 2407 neque
764 2315 925 2386 absonum
961 2331 1034 2402 est,
1071 2311 1189 2407 neque

234 2439 356 2514 nbene
372 2445 493 2514 mentis
508 2444 633 2514 actioni
646 2448 772 2530 nocet,
797 2454 904 2537 neque
919 2461 992 2513 eam
1012 2463 1031 2512 a
1051 2443 1185 2538 gravio

234 2569 325 2674 iibus
358 2572 400 2643 ad
433 2572 558 2644 leviora
590 2571 751 2659 deducit,
793 2573 862 2644 imo
894 2592 993 2657 vero,
1032 2569 1158 2665 quod'
1147 2591 1185 2686 ιιι

234 2720 314 2773 vero
341 2699 569 2796 investigando
590 2719 689 2796 atque
713 2701 845 2774 vitando
868 2722 979 2779 errore
1006 2721 1076 2780 rem
1104 2721 1186 2782 cau·,

233 2849 369 2923 samque
395 2825 564 2917 continet,
605 2851 704 2924 atque
739 2851 808 2902 non
837 2851 913 2904 raso
939 2833 1038 2904 etiam
1071 2829 1183 2908 lucen

233 2958 435 3056 intenebris
470 2957 640 3044 accendit,
667 2960 799 3052 ipsique
825 2959 1007 3034 inventioni
1030 2958 1181 3052 apprime

231 3087 384 3162 insecuta
417 3085 670 3160 assuescendum
701 3089 801 3160 nobis
828 3089 1048 3183 oenengium
1070 3105 1185 3168 nosne

233 3216 437 3312 conjungere
457 3237 535 3288 cum
567 3215 628 3288 illo
654 3216 811 3298 vinculo,
836 3215 1035 3311 quadratio
1059 3235 1179 3312 postu·

231 3343 297 3431 lat,
322 3347 366 3416 ita
398 3363 436 3416 ut
468 3345 567 3417 nobis
592 3345 674 3439 ipsis
696 3347 957 3436 conveniamus,
981 3363 1179 3437 necesseque

231 3471 469 3568 ᾶῑιριιιιιίοιιει
509 3489 544 3546 et
585 3481 882 3548 commentationes
923 3471 1044 3569 logicis
1077 3477 1176 3545 raio-

230 3599 328 3675 nibus
345 3606 585 3693 consentiant,
623 3625 792 3700 aequent
820 3624 875 3676 eas
908 3603 950 3675 ad
986 3604 1043 3675 has
1075 3593 1183 3674 ratio-³

239 3733 243 3740 '
1121 3713 1182 3836 nm
1253 3803 1255 3810 .

240 3933 251 3950 ·.
265 3900 374 3970 iopila
390 3895 551 3958 lassatione
571 3903 593 3958 l.
613 3904 659 3958 (ιι.

266 4000 308 4070 (a)
330 3999 438 4056 ibidem
456 4002 548 4057 laio·
