2852 4874
355 443 881 518 Pnoueoouenu
1049 468 1096 542 m

157 637 250 732 eujus
281 639 411 733 generis
443 656 520 710 sont
555 635 663 727 rubr,
696 635 917 733 Telescopim
946 635 1098 716 Micros·

155 765 511 861 copia‚Conspici11a‚
524 787 559 840 et
571 766 634 840 alia
648 765 761 842 muita.
784 765 842 840 Ex
857 768 979 864 quibos
994 771 1095 846 etiam

153 881 373 989 perspicitur,
407 917 549 994 quantur
589 899 634 970 sit
666 871 763 994 hujus
800 896 995 994 disciplinae
1016 921 1096 974 urus

152 1023 621 1122 mAmmmMfflwfflm
1066 1039 1070 1052 '

145 1153 1096 1248 tdffimfflwsffifflmmlfflmmmhm

152 1305 356 1378 corporum,
386 1281 507 1359 caloris
522 1303 558 1358 et
573 1285 715 1372 virium,
748 1283 794 1356 ira
824 1287 922 1358 etiem
954 1287 1096 1361 luminis

151 1435 350 1488 mensuram
365 1415 742 1509 quaesiveruutsquem
771 1415 806 1484 in
830 1411 930 1485 finem
951 1417 1035 1488 inter
1059 1433 1097 1488 se

151 1557 383 1638 compererunt
405 1543 515 1632 vires,
536 1564 593 1616 aut
609 1541 784 1615 densitates
797 1540 950 1632 luminis,
961 1542 1096 1637 quoda

141 1670 288 1746 'diversis
302 1671 524 1774 coeponius,
548 1673 617 1744 sive
635 1690 733 1744 motu
755 1691 873 1760 recto,
896 1672 965 1744 sive
983 1691 1098 1765 reper-

150 1822 306 1888 cussum,
327 1801 399 1872 sive
420 1798 619 1874 declinatum
640 1817 780 1872 emutat.
829 1799 929 1875 Unde
949 1820 1023 1874 orte
1044 1819 1094 1874 est
1131 1868 1138 1884 ,

149 1953 201 2004 ars
224 1929 372 2026 optior,
396 1951 496 2025 quam
520 1949 595 2002 vere
619 1927 732 2002 dicunt
758 1927 1043 2006 Phoromerrr'um·

147 2115 150 2124 .
201 2059 352 2140 Sextum
368 2059 510 2155 denique
531 2079 636 2156 mnus
661 2061 851 2132 continetur
873 2082 935 2133 usu
959 2057 1096 2134 Mathe·

148 2211 227 2263 scos
249 2195 283 2264 iu
309 2187 533 2288 Tecdnologia
559 2191 628 2262 sive
662 2187 875 2264 Meclram'ra
903 2190 1093 2282 practicar

151 2342 237 2417 quoe
265 2335 481 2394 nrs'rermtur
500 2321 534 2392 in
555 2317 815 2415 componendis,
838 2337 938 2411 utque
960 2315 1093 2398 utendis

149 2452 395 2533 instrumentis,
410 2467 509 2544 atque
521 2448 682 2523 machinis
695 2447 924 2542 cujuscunque
938 2448 1089 2542 generis,

148 2581 184 2652 in
208 2577 435 2652 construendis
467 2575 642 2664 aedificiis,
674 2579 855 2668 operibus,
888 2595 974 2668 quae
1000 2571 1105 2648 aditi:

149 2710 270 2782 beottu
291 2711 324 2780 in
345 2708 413 2780 vite
430 2703 565 2804 sociali,
580 2707 612 2776 in
631 2725 666 2776 re
682 2703 835 2794 militari,
848 2701 973 2790 navali,
993 2719 1092 2797 arque

151 2839 192 2912 in.
200 2837 339 2910 diversis
356 2833 516 2930 opificum
526 2817 661 2906 artibus.
685 2831 773 2906 inter
786 2831 867 2905 haec
882 2833 1095 2904 instrumenta

149 2972 245 3040 eriam
269 2964 478 3059 memoranda
502 2983 601 3052 sunt,
624 2983 709 3057 quae
742 2960 975 3056 investigandis
995 2961 1093 3031 rebus

148 3095 352 3170 naturalibus
381 3095 580 3180 inserviunt,
622 3093 657 3163 iu
673 3091 925 3177 metonomia,
949 3087 1093 3162 Mecha·

149 3229 244 3312 nice,
269 3223 416 3318 optim,
441 3225 477 3296 in
502 3221 645 3314 Physica
664 3219 873 3305 elementari,
898 3219 1095 3293 Geometric

149 3343 1170 3447 wmmwwwmfflfflfflmw

151 3465 372 3556 instmmeutav
396 3483 642 3562 Adrumetina,
672 3481 714 3552 ad
742 3479 909 3554 calculum
940 3496 1098 3549 numero·

152 3635 224 3684 rum
270 3611 449 3692 commoda
487 3608 676 3706 (§.13·)‚
719 3630 817 3706 etque
855 3607 1095 3698 Geometrice,

151 3763 296 3837 quorum
333 3761 403 3836 ope
434 3741 581 3839 figuras,
606 3739 728 3856 lineos,
768 3715 908 3834 angulos
931 3734 1094 3809 describi·

149 3863 248 3960 inus,
278 3869 475 3960 dividimus,
499 3891 600 3968 utque
633 3871 797 3944 metimur.

781 4095 785 4104 ⁵
914 4102 920 4110 ⁴
975 4085 1095 4222 §.26ss
