2856 4862
377 455 898 541 Puotuoonnum
1044 443 1111 552 ἰή

174 649 408 722 commodatus
435 639 493 721 illa
522 647 659 742 qnidam
688 646 730 718 td
756 635 1029 742 intelligentiam,
1052 649 1111 722 ted

175 779 287 848 minus
302 797 399 872 aptus
417 780 566 871 nanctis,
592 796 676 873 quoe
693 797 761 850 nnn
776 774 992 872 intelligentia
1015 775 1086 850 sola
1094 789 1112 868 ,'

172 903 232 975 sed
245 906 344 977 etiam
357 906 606 1003 imaginatione
619 907 782 1000 praeditae
802 923 906 992 sunt,=
921 905 1021 1001 atque
1035 927 1112 980 sen·

171 1053 212 1105 su
235 1032 372 1128 pulchri
404 1033 570 1129 bonique,
605 1033 784 1130 multisque
812 1035 1047 1130 cupiditatibus
1077 1053 1114 1110 et

171 1161 325 1234 motibus
340 1163 441 1234 animi
464 1163 658 1237 afficiuntur.
1058 1205 1063 1215 -

223 1290 376 1379 Vemtm,
400 1289 509 1387 qualis
533 1293 660 1381 homo,
684 1291 759 1366 talis
783 1313 893 1366 sermo
915 1309 976 1366 est.
1005 1295 1115 1368 Variis
1168 1307 1172 1314 ’

170 1424 246 1514 ipse
267 1419 404 1494 dotibus
432 1423 634 1508 instntttus,
658 1443 755 1494 suum
786 1425 886 1494 etiam
920 1441 1108 1495 sermonem
1160 1453 1164 1460 ·

172 1547 291 1620 multis
314 1547 448 1622 dotibus
467 1549 639 1638 instmxit,
666 1568 701 1621 et
715 1548 933 1644 locupletavit
956 1553 1111 1626 manituti

170 1676 296 1750 Omnis
312 1675 448 1774 liugtuu,
469 1675 572 1770 paulo
587 1677 770 1766 occultior,
793 1697 866 1750 earn
879 1677 1029 1772 possidet
1046 1689 1111 1752 'cn-

169 1809 263 1898 piam
287 1821 324 1876 et
349 1803 563 1893 facultatem,
585 1827 651 1902 qua
672 1809 779 1880 intimi
801 1809 902 1880 animi
927 1827 1042 1882 sensus
1062 1809 1113 1884 dp

169 1935 274 2006 versis
298 1932 407 2006 modis
433 1937 600 2027 exprimi,
640 1957 707 2030 qua
733 1955 860 2008 mentes
888 1936 1031 2010 aliorum
1062 1939 1111 2012 ai·-

169 2063 254 2150 lici,
277 2063 464 2136 voluntates
487 2062 638 2158 impelli,
662 2084 697 2137 et
717 2064 858 2149 deduci,
881 2069 1110 2142 animimotna

170 2195 310 2266 eacimri
332 2211 368 2264 et
388 2191 524 2265 deleniri
549 2209 699 2288 possitus.
745 2191 902 2290 Longum
919 2207 986 2268 'eat
1017 2213 1111 2291 egro-
1165 2221 1170 2228 ·

168 2323 264 2419 glum
299 2321 388 2394 hunc
420 2322 588 2394 Orationis
615 2321 804 2395 thesaurmn
830 2341 1016 2416 exponere,
1049 2343 1109 2396 ne·

167 2473 250 2546 que·
265 2452 345 2524 huic
373 2449 455 2524 loco
485 2470 600 2546 aptum
631 2471 693 2522 est.
745 2451 860 2524 Verbo
891 2451 1108 2526 solummodo

167 2585 368 2676 attingemus
391 2599 450 2667 ea,
474 2597 563 2674 quae
586 2595 663 2652 sunt
685 2597 721 2652 ct
741 2583 932 2678 gmvissima·
945 2598 984 2651 et
1004 2581 1108 2654 mari·
1165 2611 1169 2619 ’
1242 2557 1249 2574 ’

170 2729 226 2782 me
257 2707 470 2782 universalia·
1019 2757 1058 2768 ..

222 2857 256 2910 1.
282 2839 531 2934 antiquissimu
554 2840 780 2935 temporibus,
805 2839 991 2936 linguisque
1018 2861 1107 2914 non·

166 2969 264 3043 dnm'
285 2969 477 3062 scriptum,
509 2971 628 3042 artium
660 2987 696 3040 et
739 2968 958 3042 doctrinarum
988 2967 1105 3040 nudis

165 3096 332 3186 monitu,
378 3115 449 3170 tota
480 3099 668 3172 enunciatin
697 3093 895 3192 plerumque
928 3107 992 3169 uni
1029 3095 1107 3168 sola

161 3249 250 3302 vnce
269 3225 513 3315 declambttut3
552 3227 589 3298 id
608 3197 702 3322 quod
729 3229 847 3322 magia
871 3245 963 3320 parte
990 3227 1100 3298 omni·

162 3357 226 3430 ltus
250 3357 286 3430 in
306 3355 427 3453 linguis
451 3357 616 3428 remansit.
665 3354 800 3429 Etenim
826 3353 883 3428 illa
899 3371 979 3448 'pars
1010 3354 1102 3428 Ort·

161 3489 286 3574 nonis,
309 3501 422 3580 quam·
439 3484 589 3558 Verbum
616 3501 677 3578 per
704 3481 932 3556 excellentiam
959 3483 1103 3574 dicunt,

160 3616 200 3688 in-
225 3633 264 3686 se
286 3617 436 3688 continet
455 3633 490 3686 et
514 3612 738 3709 praedicatum
758 3631 793 3684 et
810 3611 978 3706 copulam.
1001 3609 1105 3686 Pme'

157 3762 250 3816 terea
295 3743 428 3816 denotat
467 3744 702 3818 modalitatttn
740 3743 979 3814 enuntiationis
1012 3741 1097 3838 (per

160 3871 306 3962 modos,
330 3893 416 3969 quos
431 3871 547 3948 dicunt
570 3871 809 3956 lndicativum,
823 3869 1094 3966 Subiunctitum,

159 4000 384 4100 oporinum)
414 3999 594 4098 pluresque
621 3999 738 4080 deinde
762 4019 856 4076 notae
878 4002 983 4094 ipsiu
998 4021 1102 4096 prae,-

1045 4127 1098 4202 dl·
