2878 4860
319 417 395 516 μό
525 413 1051 491 Pentecosten

318 633 391 706 est,
416 609 488 710 quo
515 611 589 686 freti
613 597 717 684 nohis¹
741 597 848 683 retum
886 610 1062 682 tribuimus
1093 610 1272 706 cognitioa

318 743 426 816 nemi
449 761 505 815 aut
527 761 687 836 quaenam
710 758 762 810 est
784 740 868 811 ratio
893 737 1079 825 sufficiens,
1101 760 1166 812 cur
1188 761 1270 811 nos·
1371 837 1372 842 Ν

320 875 377 946 ctis
411 872 566 967 cogitatis
601 888 637 940 et
668 869 957 942 enunciationibus
993 863 1077 940 fides
1115 869 1272 941 habenda

317 999 387 1074 siti
441 997 511 1088 Ea,
545 1019 632 1093 quae
660 998 744 1070 hanc
778 999 940 1071 rationem
976 1001 1174 1082 continent,
1214 1019 1274 1070 ant

268 1137 270 1140 ’
306 1113 498 1214 exhibent,
531 1127 687 1201 dicuntur
707 1125 822 1224 fonto
848 1127 1049 1224 cognitionis
1075 1125 1270 1202 humanae.
1375 1153 1377 1220 ᾗ

320 1255 559 1352 Philosophiae
574 1258 777 1330 theoreticae
799 1277 876 1344 est,
900 1259 937 1328 in
955 1256 1018 1329 hos
1030 1255 1141 1330 fontes
1163 1259 1274 1351 iuqui-
1378 1345 1379 1370 ,

320 1406 413 1474 sere,
435 1405 535 1482 atque
559 1405 723 1472 statuere,
748 1401 814 1481 qua
839 1405 883 1458 ex
907 1387 989 1482 ipsis
1013 1406 1090 1458 veta
1112 1387 1269 1482 cognitio
1379 1423 1380 1430 κ

322 1516 445 1590 hautiti
471 1519 581 1612 possit
604 1516 657 1589 vel
686 1537 754 1588 non
777 1518 903 1609 possit,
937 1533 1037 1611 atque
1058 1519 1103 1588 ita
1131 1513 1269 1588 definire

319 1643 399 1722 sert·
421 1661 457 1720 tt
472 1643 561 1742 salsi
580 1661 693 1720 notas.
742 1645 789 1718 At
814 1663 894 1718 veto
918 1665 997 1716 cunt
1024 1645 1087 1718 hac
1115 1643 1267 1738 disquisi-

319 1775 417 1851 tione
426 1776 607 1847 arctissime
618 1793 669 1846 est
684 1773 880 1868 conjuncta,
898 1773 1035 1870 ejusque
1054 1774 1140 1848 adeo
1155 1777 1264 1848 conti·

324 1922 383 1979 oet
402 1903 603 1998 principium
625 1921 660 1974 et
681 1902 950 1990 fundamentum,
976 1903 1267 2004 investigatio-ip·

321 2033 393 2108 sitas
408 2031 601 2130 facultatis
622 2053 795 2119 astemus,
818 2055 884 2128 qua
897 2035 1061 2127 praedinas
1076 2053 1128 2106 est
1147 2036 1265 2108 homo.

322 2155 418 2236 Haec
434 2164 523 2234 enim
544 2163 772 2258 investigatio,
797 2185 884 2257 quae
905 2181 956 2235 est
977 2162 1267 2261 Anthropoiogiae

325 2291 528 2386 Psychicae,
563 2291 685 2365 docete
712 2292 834 2381 debet,
870 2291 951 2386 quid
971 2291 1148 2365 hominem
1174 2315 1267 2365 sanae

327 2423 468 2506 manns,
491 2438 600 2514 neque
624 2419 856 2514 praejudicatis
872 2421 1086 2512 opinionibus
1106 2420 1266 2508 ductum,

326 2567 437 2644 neque
459 2550 560 2620 animi
578 2547 726 2622 motibus
743 2535 970 2642 perturbatum
984 2568 1019 2620 et
1033 2547 1268 2644 cupiditatibus

326 2681 519 2764 incensum,
546 2695 701 2764 moveat,
725 2695 762 2748 ut
789 2697 955 2750 assensum
981 2679 1266 2751 enunciationibus

325 2809 395 2882 sive
410 2807 569 2903 cogitatis
589 2805 733 2893 tribuat,
746 2805 780 2876 id
799 2806 1000 2892 est,utsibi
1012 2809 1086 2901 ipse
1098 2807 1266 2880 deeorunt

324 2939 463 3016 veritate
486 2933 688 3032 persuadeat.
740 2933 779 3007 ld
797 2937 885 3010 enim
913 2936 1048 3029 ipsum,
1074 2935 1168 3031 quod
1191 2940 1266 3010 satis

326 3083 465 3152 movet,
490 3083 541 3138 est
562 3064 657 3138 ratio
674 3057 838 3160 sufficiens
861 3085 1016 3138 assensus
1030 3066 1184 3156 interni,
1210 3066 1270 3162 qui

327 3213 532 3291 nequaquam
559 3213 602 3266 ex
629 3213 742 3266 nostra
765 3195 887 3290 pendet
916 3177 1111 3282 uoluntate,
1154 3219 1267 3293 quant·

326 3328 380 3400 vis
406 3346 561 3399 assensus
582 3340 772 3410 tutemus,
799 3325 858 3419 qui
884 3327 1056 3412 oratione,
1082 3329 1206 3423 signis,
1235 3343 1270 3399 et

326 3455 514 3530 actionibus
541 3455 785 3540 manifestatur,
829 3457 905 3526 satis
937 3457 980 3525 sit
1008 3457 1043 3530 in
1068 3472 1180 3530 nostru
1206 3477 1266 3550 po·

328 3605 469 3673 testate,
506 3582 590 3655 adeo
620 3605 659 3655 ut
682 3585 817 3657 interno
844 3605 943 3678 saepe
975 3607 1147 3682 repugnet.
1205 3587 1270 3660 Sed

328 3737 407 3790 cum
449 3714 501 3809 id,
542 3713 634 3808 qaod
672 3711 839 3786 assensum
879 3735 1013 3801 movet,
1058 3720 1167 3812 possit
1200 3726 1268 3787 esse

325 3845 446 3926 fortius
474 3865 532 3917 aut
559 3841 725 3930 debilius,
743 3899 748 3908 .
765 3843 840 3914 aliis
867 3823 1160 3918 enunc'iationibus
1200 3867 1266 3917 ma·

324 3972 453 4072 joram,
480 3973 553 4048 aliis
576 3975 738 4048 minoren
772 3973 931 4050 habemus
968 3973 1078 4052 fidem.
1156 3974 1267 4072 Quare

1200 4100 1271 4174 fon·
