2852 4874
287 439 328 512 ·6
506 443 1021 526 Pronnoomauu

300 633 589 722 solute)'rnagnnm
610 650 664 706 aut
695 657 825 722 parvum
858 641 1010 724 habetur,
1040 641 1072 710 id
1093 661 1134 712 nn
1165 647 1230 716 ulla

298 751 433 838 imagine
462 752 588 834 quidem
619 772 707 822 ruens
739 756 871 827 humana
886 743 889 750 ’
904 759 1071 854 complecti
1101 777 1228 847 potest,

297 886 394 954 atque
437 871 471 937 in
496 889 534 938 eo
574 871 791 958 investigando
832 875 1010 958 Mathonis,
1040 879 1130 962 amus
1155 898 1232 970 prs·

293 991 404 1078 priam
434 1011 547 1062 munus
577 1005 623 1056 ast
653 1007 839 1078 comparare
867 997 1086 1079 quamnam,
1114 999 1232 1064 uersari

295 1104 386 1170 nullo
417 1104 513 1170 modo
532 1119 651 1188 potest.
694 1105 800 1173 Partes
820 1105 942 1190 spatii,
965 1125 1067 1190 qnae,
1089 1107 1171 1176 luter
1196 1128 1233 1180 se

296 1236 516 1306 comparatae,
532 1240 661 1308 magnae
676 1237 731 1290 ant
750 1241 863 1306 parvae
886 1237 984 1306 sunt,
1018 1240 1112 1309 atque
1133 1245 1233 1308 quan·

295 1338 402 1406 titates
419 1354 450 1406 et
469 1339 609 1426 figuras,
631 1338 698 1406 suis
718 1338 871 1406 limitibus
887 1338 1057 1424 delinitas,
1071 1341 1229 1410 Mathesis

298 1457 553 1541 contemplatnt3
592 1473 658 1524 non
684 1475 760 1524 vero
781 1461 918 1551 spatium
946 1459 1131 1543 infinitum,
1163 1477 1229 1534 non

295 1577 547 1642 universitatem
563 1593 691 1656 rerum,
730 1591 795 1640 non
815 1573 904 1641 illam
928 1579 991 1643 vim
1021 1577 1224 1658 immensam,

293 1707 407 1772 cuncta
428 1707 643 1778 procreantem
665 1705 697 1758 et
731 1687 973 1775 moderantem
1003 1711 1085 1775 qnae
1123 1691 1228 1760 omnia

280 1864 285 1874 .
292 1831 350 1895 per
370 1829 407 1878 se
426 1829 536 1896 magna
556 1823 657 1892 sunt,
678 1822 773 1892 atque
795 1809 880 1876 nulla
902 1827 1039 1894 unquam
1057 1828 1226 1894 mensura,

294 1931 381 2004 nulla
399 1931 633 2013 comparatione
653 1923 813 1992 informari
834 1940 983 2010 possunt.

336 2045 510 2116 Animadv.
535 2067 566 2131 3.
599 2043 699 2130 Saepe
724 2043 816 2110 etiam
835 2043 1026 2112 vocabulum
1044 2042 1227 2131 magnitudo

278 2153 375 2255 fidem
396 2166 537 2252 designat
548 2165 568 2247 ‚'
583 2163 671 2248 quod
688 2163 874 2251 quantitas,
895 2160 979 2228 unde
989 2160 1105 2228 dicitnr
1117 2177 1226 2250 parua

277 2283 496 2380 ,magnitudoq
529 2282 562 2350 id
596 2295 668 2374 nst,
698 2299 795 2363 parva
822 2277 993 2386 quantitas.
1040 2278 1099 2344 Illo
1131 2277 1224 2349 etiam

294 2425 389 2476 sensu
419 2406 475 2471 hac
506 2419 586 2470 voce
606 2414 743 2466 utemur.

278 2687 306 2728 ·’
361 2687 392 2781 §.
419 2705 452 2780 ς.
486 2682 709 2777 Multorum,
734 2695 838 2776 atqua
862 2677 956 2754 Pars
980 2677 1158 2775 Aliquam.
1201 2697 1206 2706 ·

338 2975 443 3077 Quod
463 2977 513 3062 si,
536 2975 570 3046 in
594 2969 822 3065 comparandis
846 2969 979 3041 dnobus
992 2963 1136 3060 Quantis
1160 2965 1222 3042 ho·

290 3107 462 3206 mogeneis
474 3101 530 3200 (A
549 3121 583 3176 et
598 3101 671 3194 Β),
692 3102 775 3173 haec
792 3099 874 3174 inter
895 3099 966 3192 ipsa
985 3099 1148 3172 invenitur
1168 3117 1221 3170 ra·

290 3238 362 3326 tio,
395 3253 432 3307 ut
460 3233 551 3326 prius
582 3228 679 3324 (A),
703 3229 882 3324 aliquoties
907 3245 1070 3316 sumtum,
1091 3227 1222 3321 quanti·

276 3386 356 3440 tate
378 3360 528 3436 reddatur
546 3356 679 3452 aequale
700 3358 878 3452 posteriori
896 3356 990 3450 (Β),
1013 3355 1135 3430 dicitur
1149 3371 1222 3428 asae

280 3499 389 3590 ipsius
416 3505 510 3589 pars
542 3490 729 3585 aliquota,
771 3489 840 3558 slve
871 3485 1046 3580 aliquoties
1074 3484 1219 3576 inipso

287 3624 475 3708 contineri;
499 3617 664 3712 posterius
691 3601 765 3710 (u)
789 3629 898 3685 autern
933 3625 1072 3688 vocatur
1102 3613 1221 3714 multi·

280 3755 382 3856 plum
404 3750 525 3846 prioris
540 3741 629 3840 (A).
1026 3743 1029 3748 ’

275 3887 284 3902 ·
327 3941 501 4011 Ammads.
546 3939 631 4008 Hinc
671 3936 824 4004 vocabula
862 3936 1022 4022 duplum,
1055 3933 1218 4017 triplum,

271 4061 431 4149 'duplex,·
448 4057 585 4146 triplex,
607 4055 727 4144 duplo,
751 4055 846 4145 triplo
869 4055 968 4143 mans
988 4067 1040 4122 sut
1059 4053 1218 4122 minus-

1145 4183 1219 4252 pars
