2938 4856
440 429 968 513 Pnossoosss-ns.
1104 459 1189 532 gos.
1259 496 1268 516 .

280 651 316 704 s.
347 627 411 702 Ex
441 599 756 718 subalternatim,
790 633 871 706 sin
900 649 952 706 est
982 633 1179 732 enuntiatis

230 759 462 845 universalis,
486 763 517 852 φ
535 762 777 854 particularis
802 757 895 854 (s),
921 760 1044 833 volutis
1131 833 1133 838 .

232 885 306 966 Lex
317 888 468 984 Syllog.s
491 891 524 962 si
542 891 660 964 omnia
679 892 718 964 A
735 909 818 963 sunt
839 888 891 978 B,
906 893 1015 966 etiam
1036 892 1182 966 nonnul·

944 1022 984 1095 la
998 1021 1039 1094 A
1048 1038 1129 1095 sunt
1140 1019 1183 1094 B.

331 1145 530 1220 Praemisso:
555 1149 674 1224 omnia
699 1148 741 1224 A
762 1167 843 1226 sunt
869 1146 914 1224 B.

324 1275 534 1360 conclusos,
557 1299 640 1374 ergo
660 1281 828 1354 nonnulla
844 1278 885 1352 A
898 1297 979 1354 suns
995 1277 1040 1354 B.

668 1427 742 1480 aut:

236 1533 312 1611 Lex
324 1535 467 1629 Syll,:si
477 1559 592 1611 vesum
601 1538 709 1610 estssi
717 1538 886 1613 nonnulla
897 1536 939 1610 A
944 1533 1184 1632 santiam,

553 1671 653 1739 etiam
671 1689 784 1740 verum
799 1689 868 1740 ests

457 1798 489 1882 si
512 1797 627 1871 omnia
639 1797 679 1871 A
690 1814 771 1871 sunt
788 1796 822 1869 B
829 1847 843 1885 ,
866 1821 895 1894 γ
913 1813 976 1872 est.

336 1926 532 1999 Praemisso:
557 1929 589 1999 si
608 1929 775 2000 nonnulla
792 1927 833 2000 A
851 1943 932 2002 sunt
956 1923 1015 2013 B,
1035 1949 1064 2022 γ
1089 1943 1151 2000 est.

320 2055 527 2130 Conclusio:
552 2077 636 2157 ergo¹
653 2057 686 2129 si
710 2057 826 2130 omnia
847 2056 889 2130 A
910 2072 991 2130 sunt
1009 2053 1063 2144 B,
1078 2078 1108 2151 γ
1125 2071 1188 2130 ess.

240 2250 280 2324 Io
311 2251 379 2326 hoc
413 2271 521 2324 tomen
553 2223 749 2347 syllogismo
779 2270 815 2322 et
845 2251 1009 2324 similibus
1042 2251 1188 2324 animad-

239 2382 430 2456 vertendum
463 2403 536 2470 est,
571 2383 737 2455 nonnulla
759 2381 800 2458 A
817 2399 898 2456 sunt
918 2379 974 2469 B,
998 2402 1066 2453 non
1087 2383 1190 2480 signi·

239 2495 356 2584 ficsr'e:
379 2512 548 2586 nonnulla
569 2528 707 2584 tantum
732 2510 768 2582 A
788 2531 871 2585 sunt
895 2511 949 2595 B,
976 2511 1034 2586 sed
1059 2509 1188 2605 simpli·

241 2643 325 2714 cites
348 2641 404 2727 id,
426 2641 519 2736 quod
544 2662 586 2713 ex
613 2643 870 2714 enuntiatione:
909 2641 1027 2714 omnia
1050 2641 1091 2715 A
1108 2659 1190 2716 sunt

241 2768 300 2857 B,
322 2774 481 2865 sequitur.
533 2769 630 2843 Faisa
651 2772 817 2866 igiturest
839 2768 1037 2844 conclusio:
1061 2770 1094 2845 si
1120 2793 1190 2845 ons·

240 2925 300 2976 nes
329 2901 480 2976 homines
506 2921 589 2975 sunt
615 2901 738 2995 probi,
787 2919 885 2972 nemo
911 2912 1027 2994 poena
1063 2900 1188 2996 dignus
1252 2949 1258 2958 -

240 3047 312 3123 ως
332 3053 414 3128 ergo
445 3033 478 3106 si
506 3033 664 3106 nonnulli
691 3027 844 3102 homines
872 3045 953 3102 sunt
982 3026 1106 3124 probi,
1131 3050 1191 3102 ne·

241 3183 295 3238 nso
314 3175 430 3257 poena
456 3161 581 3259 dignus
610 3175 683 3248 est,
733 3157 833 3254 idque
869 3157 936 3230 hoc
971 3179 1068 3229 sensu
1101 3159 1191 3230 acci·

241 3297 376 3394 pistus,
394 3309 433 3363 ut
463 3289 521 3362 alii
545 3290 696 3363 homines
714 3289 780 3360 sint
800 3287 923 3382 probi,
948 3285 1004 3360 olii
1026 3285 1187 3380 improbi.

366 3507 400 3582 3·
426 3485 489 3578 Ex
512 3487 663 3564 dissensu
686 3483 963 3560 contradictorio.
991 3479 1062 3578 (o)
1132 3459 1135 3466 ¹
1169 3542 1174 3570 2

291 3613 334 3692 Si
360 3626 384 3689 λ
407 3633 442 3692 et
464 3619 497 3711 Φ
519 3616 788 3691 contradictorie
817 3613 1033 3700 dissentiunt,
1059 3611 1093 3686 id
1113 3628 1185 3707 est,

1162 3763 1194 3817 ss

278 3914 321 3983 (s)
341 3913 454 3968 consur.
472 3930 501 3981 n·
519 3930 587 3976 ²²¹»
607 3931 667 3969 ²²¹·

277 4013 321 4084 (a)
341 4013 501 4083 Consus-1³·
522 4015 583 4071 22⁴·
