2878 4860
393 465 916 548 Pnoccaoucnr.
1062 467 1135 564 επ

191 655 359 726 Gatuio
381 657 465 743 (r),
486 657 543 742 qui
561 673 600 724 ut
618 658 789 742 probaret,
817 678 892 728 vera
913 659 980 728 viso
1001 677 1019 725 a
1043 658 1134 730 farsis

190 773 327 860 discerni
346 795 464 860 posse,
494 777 636 856 dixerat,
661 777 882 844 dormientium
901 791 933 846 et
953 776 1136 846 vinolento-

193 909 264 958 rum
285 906 318 959 et
336 889 530 958 furiosorum
552 892 620 960 vise
642 891 848 960 imbecilliora
875 912 945 980 esse
964 912 1057 976 quam
1084 894 1136 962 vi-

194 1007 383 1092 gilantium,
428 1009 623 1092 siccorum,
665 1028 841 1094 sanorum,
884 1011 930 1078 ito
971 1011 1133 1081 occurrite

196 1123 342 1212 „Quasi
366 1129 666 1212 quisquamneget‚
695 1128 723 1192 is
748 1129 806 1215 qui
836 1144 1037 1218 experrectus
1068 1131 1134 1211 rit.
1216 1133 1223 1144 '

196 1287 219 1326 „
240 1263 308 1308 erem
336 1245 479 1328 sonrnia;
511 1258 543 1310 et
560 1245 648 1327 cujus
661 1245 767 1328 furor
791 1245 988 1330 consederit,
1016 1263 1135 1336 putare

194 1379 300 1443 „nan
313 1361 418 1444 fuisse
449 1380 490 1426 ea
518 1381 619 1442 tera,
662 1382 745 1448 quae
776 1377 875 1429 essent
908 1363 969 1430 sibi
993 1369 1064 1433 visa
1098 1366 1136 1432 in

195 1523 220 1560 ,‚
232 1477 363 1561 furore.
407 1474 471 1542 Sed
491 1497 552 1542 non
580 1475 619 1542 id
640 1479 776 1562 agitur:
806 1492 900 1559 turn,
915 1499 999 1545 'curn
1028 1477 1137 1554 niden-

193 1637 219 1674 „
240 1608 326 1675 tur,·
341 1614 401 1681 quo
429 1591 515 1660 arado
534 1590 708 1660 rideantur
728 1592 768 1658 id
782 1597 966 1680 quaeritur.
1011 1593 1075 1664 Vos
1087 1597 1138 1660 ni·

197 1759 221 1795 „
240 1712 290 1778 tat
321 1713 441 1796 agitis,
483 1729 554 1776 cura
572 1708 667 1790 falsa
694 1707 755 1776 illa
785 1710 838 1778 rei
854 1711 1056 1794 furiosorum
1085 1709 1140 1780 tel

198 1875 221 1912 „
240 1828 463 1895 somniantium
485 1824 702 1892 recordatione
716 1828 855 1913 ipsorum
877 1828 1037 1912 refellitis.
1057 1827 1138 1894 Non

193 1987 222 2026 ·„
242 1949 324 2012 enim
342 1943 379 2010 id
394 1946 589 2031 quaeritur,
622 1943 727 2031 qualis
750 1943 929 2012 recordatio
943 1943 1022 2022 fieri
1038 1945 1137 2026 soleat

195 2111 221 2150 ,‚
241 2082 372 2144 eorum,
409 2065 466 2148 qui
494 2063 673 2147 experrecti
700 2076 794 2127 sant:
830 2075 890 2128 aut
918 2081 1046 2144 eorum,
1080 2065 1138 2148 qui

194 2228 223 2264 ‚„
232 2179 352 2270 farere
378 2178 593 2248 destiterunt:
623 2177 679 2244 sed
703 2175 807 2264 qualis
834 2179 912 2245 risio
935 2179 1046 2261 fuerit
1076 2191 1138 2248 aus

194 2337 221 2382 2„
233 2287 444 2381 furentium,
478 2309 537 2362 aut
565 2297 788 2362 somniantium
821 2289 928 2379 tera,¹
951 2315 1023 2362 eunt
1056 2315 1138 2366 corn·

195 2456 221 2496 „
241 2411 459 2480 motabantur.
470 2409 492 2439 ”
1122 2487 1131 2500 f

195 2529 326 2610 .,sed,
347 2541 385 2592 ut
408 2525 467 2594 olio
486 2526 792 2610 praetermittemus,
814 2528 847 2594 in
872 2528 923 2594 his
945 2527 1141 2597 animadver-

195 2647 324 2714 tendum
355 2659 404 2711 est
424 2643 578 2710 adilian
606 2659 712 2712 notam
735 2648 805 2712 reri
825 2660 855 2713 et
864 2647 973 2730 falsi,
994 2669 1077 2733 quae
1101 2653 1138 2718 in

193 2785 342 2840 consensu
382 2777 414 2829 et
452 2761 589 2829 dissensu
628 2766 837 2849 cogitatorum
879 2771 1037 2833 cernitur.
1091 2767 1139 2834 Ut

196 2879 275 2968 quid
297 2895 405 2946 verum
437 2879 505 2959 sit,
537 2895 656 2968 semper
675 2879 769 2946 debet
791 2899 863 2948 esse
880 2901 1013 2966 verum,
1035 2901 1140 2966 neque

128 2978 138 2986 ⁸
195 3015 341 3080 unquam
364 3013 536 3080 repugnare
558 2993 621 3077 iis,
656 3015 735 3078 quae
763 3015 835 3062 vere
864 3017 934 3066 esse
954 3001 1141 3084 cognoveri·

196 3131 285 3182 snus.
327 3113 365 3186 In
387 3113 513 3179 somnio
530 3112 639 3178 damus
663 3131 827 3194 assensum
854 3114 917 3197 iis,
948 3135 1030 3198 quae
1052 3135 1140 3185 eom·

194 3231 321 3300 aientes
345 3229 441 3297 nobis
470 3227 630 3315 percipere
655 3229 821 3314 videmur,
842 3231 900 3298 sed
920 3246 988 3300 tota
1008 3235 1061 3303 illo
1078 3237 1142 3324 ela·
1191 3239 1193 3244 ’
1276 3244 1280 3252 “

197 3347 287 3424 bitur
306 3345 474 3430 assensio,
496 3346 626 3414 simulac
641 3347 814 3432 experrecti
833 3367 967 3431 sumus,
990 3353 1141 3440 quoniam

199 3464 343 3553 uidemus
377 3483 412 3531 ea
439 3482 543 3548 neque
563 3463 625 3530 sibi
649 3464 728 3552 ipsis
754 3483 859 3548 neque
883 3467 953 3533 istis
981 3473 1144 3553 consenti·

198 3601 257 3678 re,
290 3600 372 3663 quoe
392 3579 558 3668 vigilantes
588 3581 808 3670 percipimus,
840 3601 895 3651 aut
920 3565 1143 3676 percepimus,

142 3729 153 3750 ·
201 3717 346 3792 quaeque
376 3697 410 3764 in
436 3697 616 3765 memoriam
638 3700 782 3768 redeunt.
824 3701 953 3770 Nemini
973 3719 1141 3790 nostrum,

198 3817 290 3900 quod
318 3813 437 3898 scium,
480 3811 515 3884 id
541 3833 682 3900 unquam
709 3815 824 3888 eccidit
855 3817 1064 3909 insomnio,
1092 3838 1143 3892 =ut

1080 3955 1141 4024 &s

238 4044 282 4118 ir)
300 4001 389 4102 Aciris
403 4043 441 4120 Q·
459 4045 513 4110 IV.
529 4062 605 4118 η..Δ
649 4081 652 4088 r
693 4043 695 4056 '
