<?xml version="1.0" encoding="UTF-8"?>
<!DOCTYPE html PUBLIC "-//W3C//DTD XHTML 1.0 Transitional//EN"
    "http://www.w3.org/TR/xhtml1/DTD/xhtml1-transitional.dtd">
<html xmlns="http://www.w3.org/1999/xhtml" xml:lang="en" lang="en">
 <head>
  <title>
</title>
<meta http-equiv="Content-Type" content="text/html;charset=utf-8" />
  <meta name='ocr-system' content='tesseract 3.04.00' />
  <meta name='ocr-capabilities' content='ocr_page ocr_carea ocr_par ocr_line ocrx_word'/>
</head>
<body>
  <div class='ocr_page' id='page_1' title='image "./elementamathese01schrgoog_0393.png"; bbox 0 0 2896 4858; ppageno 0'>
   <div class='ocr_carea' id='block_1_1' title="bbox 407 432 1149 527">
    <p class='ocr_par' dir='ltr' id='par_1_1' title="bbox 407 432 1149 527">
     <span class='ocr_line' id='line_1_1' title="bbox 407 432 1149 527; baseline -0.009 -15"><span class='ocrx_word' id='word_1_1' title='bbox 407 435 932 512; x_wconf 66' lang='lat' dir='ltr'>unnasoauanu</span> <span class='ocrx_word' id='word_1_2' title='bbox 1075 432 1149 527; x_wconf 56' lang='lat' dir='ltr'>d&amp;</span> 
     </span>
    </p>
   </div>
   <div class='ocr_carea' id='block_1_2' title="bbox 202 623 1281 3458">
    <p class='ocr_par' dir='ltr' id='par_1_2' title="bbox 202 623 1156 1630">
     <span class='ocr_line' id='line_1_2' title="bbox 202 623 1155 728; baseline -0.005 -19"><span class='ocrx_word' id='word_1_3' title='bbox 202 633 352 709; x_wconf 74' lang='lat' dir='ltr'>mxime</span> <span class='ocrx_word' id='word_1_4' title='bbox 370 631 552 705; x_wconf 83' lang='lat' dir='ltr'>cavendum</span> <span class='ocrx_word' id='word_1_5' title='bbox 574 651 640 708; x_wconf 72' lang='lat' dir='ltr'>esa.</span> <span class='ocrx_word' id='word_1_6' title='bbox 688 629 803 728; x_wconf 77' lang='lat' dir='ltr'>Quare</span> <span class='ocrx_word' id='word_1_7' title='bbox 829 645 1030 725; x_wconf 70' lang='lat' dir='ltr'>quamquam</span> <span class='ocrx_word' id='word_1_8' title='bbox 1056 623 1155 726; x_wconf 76' lang='lat' dir='ltr'>Qua·</span> 
     </span>
     <span class='ocr_line' id='line_1_3' title="bbox 207 757 1153 856; baseline -0.006 -17"><span class='ocrx_word' id='word_1_9' title='bbox 207 764 420 839; x_wconf 65' lang='lat' dir='ltr'>dilatorum</span> <span class='ocrx_word' id='word_1_10' title='bbox 445 761 581 856; x_wconf 89' lang='lat' dir='ltr'>planum</span> <span class='ocrx_word' id='word_1_11' title='bbox 609 779 700 832; x_wconf 88' lang='lat' dir='ltr'>recte</span> <span class='ocrx_word' id='word_1_12' title='bbox 740 760 897 831; x_wconf 88' lang='lat' dir='ltr'>dividitur</span> <span class='ocrx_word' id='word_1_13' title='bbox 919 762 953 830; x_wconf 88' lang='lat' dir='ltr'>io</span> <span class='ocrx_word' id='word_1_14' title='bbox 977 757 1153 854; x_wconf 61' lang='lat' dir='ltr'>ids&#39;quod</span> 
     </span>
     <span class='ocr_line' id='line_1_4' title="bbox 206 877 1156 984; baseline -0.004 -18"><span class='ocrx_word' id='word_1_15' title='bbox 206 911 339 980; x_wconf 82' lang='lat' dir='ltr'>omnes,</span> <span class='ocrx_word' id='word_1_16' title='bbox 372 890 465 984; x_wconf 90' lang='lat' dir='ltr'>quod</span> <span class='ocrx_word' id='word_1_17' title='bbox 489 891 599 964; x_wconf 82' lang='lat' dir='ltr'>nullos</span> <span class='ocrx_word' id='word_1_18' title='bbox 621 908 719 984; x_wconf 84' lang='lat' dir='ltr'>atque</span> <span class='ocrx_word' id='word_1_19' title='bbox 746 885 997 984; x_wconf 73' lang='lat' dir='ltr'>qaod-param</span> <span class='ocrx_word' id='word_1_20' title='bbox 1025 877 1156 980; x_wconf 79' lang='lat' dir='ltr'>reclot&#39;,</span> 
     </span>
     <span class='ocr_line' id='line_1_5' title="bbox 202 1001 1155 1118; baseline -0.002 -24"><span class='ocrx_word' id='word_1_21' title='bbox 202 1017 342 1118; x_wconf 70' lang='lat' dir='ltr'>purtim</span> <span class='ocrx_word' id='word_1_22' title='bbox 374 1017 523 1116; x_wconf 83' lang='lat' dir='ltr'>obliquos</span> <span class='ocrx_word' id='word_1_23' title='bbox 553 1019 660 1094; x_wconf 81' lang='lat' dir='ltr'>habet</span> <span class='ocrx_word' id='word_1_24' title='bbox 688 1022 859 1116; x_wconf 81' lang='lat' dir='ltr'>angulos,</span> <span class='ocrx_word' id='word_1_25' title='bbox 904 1037 1012 1092; x_wconf 78' lang='lat' dir='ltr'>tumen</span> <span class='ocrx_word' id='word_1_26' title='bbox 1039 1001 1155 1092; x_wconf 80' lang='lat' dir='ltr'>eadem</span> 
     </span>
     <span class='ocr_line' id='line_1_6' title="bbox 208 1143 1155 1249; baseline -0.002 -25"><span class='ocrx_word' id='word_1_27' title='bbox 208 1151 329 1224; x_wconf 91' lang='lat' dir='ltr'>divisio</span> <span class='ocrx_word' id='word_1_28' title='bbox 361 1151 696 1249; x_wconf 82' lang='lat' dir='ltr'>Parallelogrammi</span> <span class='ocrx_word' id='word_1_29' title='bbox 730 1151 849 1224; x_wconf 86' lang='lat' dir='ltr'>vitiosa</span> <span class='ocrx_word' id='word_1_30' title='bbox 878 1170 954 1237; x_wconf 87' lang='lat' dir='ltr'>est,</span> <span class='ocrx_word' id='word_1_31' title='bbox 995 1143 1155 1244; x_wconf 83' lang='lat' dir='ltr'>quoniam</span> 
     </span>
     <span class='ocr_line' id='line_1_7' title="bbox 209 1279 1156 1377; baseline -0.006 -21"><span class='ocrx_word' id='word_1_32' title='bbox 209 1299 338 1357; x_wconf 86' lang='lat' dir='ltr'>tantum</span> <span class='ocrx_word' id='word_1_33' title='bbox 374 1301 451 1354; x_wconf 90' lang='lat' dir='ltr'>sunt</span> <span class='ocrx_word' id='word_1_34' title='bbox 484 1279 554 1354; x_wconf 90' lang='lat' dir='ltr'>duo</span> <span class='ocrx_word' id='word_1_35' title='bbox 587 1301 707 1377; x_wconf 86' lang='lat' dir='ltr'>genera</span> <span class='ocrx_word' id='word_1_36' title='bbox 741 1279 1156 1377; x_wconf 75' lang='lat' dir='ltr'>parallelogrammorum:</span> 
     </span>
     <span class='ocr_line' id='line_1_8' title="bbox 210 1408 1156 1508; baseline 0.001 -25"><span class='ocrx_word' id='word_1_37' title='bbox 210 1431 297 1508; x_wconf 86' lang='lat' dir='ltr'>quae</span> <span class='ocrx_word' id='word_1_38' title='bbox 332 1411 466 1485; x_wconf 84' lang='lat' dir='ltr'>nullum</span> <span class='ocrx_word' id='word_1_39' title='bbox 490 1431 592 1506; x_wconf 88' lang='lat' dir='ltr'>atque</span> <span class='ocrx_word' id='word_1_40' title='bbox 612 1431 697 1506; x_wconf 86' lang='lat' dir='ltr'>quae</span> <span class='ocrx_word' id='word_1_41' title='bbox 724 1433 836 1484; x_wconf 77' lang='lat' dir='ltr'>omnes</span> <span class='ocrx_word' id='word_1_42' title='bbox 859 1409 984 1496; x_wconf 80' lang='lat' dir='ltr'>habent</span> <span class='ocrx_word' id='word_1_43' title='bbox 1014 1408 1156 1508; x_wconf 75' lang='lat' dir='ltr'>angulos</span> 
     </span>
     <span class='ocr_line' id='line_1_9' title="bbox 209 1561 875 1630; baseline -0.005 -17"><span class='ocrx_word' id='word_1_44' title='bbox 209 1561 333 1618; x_wconf 84' lang='lat' dir='ltr'>rectos.</span> <span class='ocrx_word' id='word_1_45' title='bbox 868 1608 875 1630; x_wconf 78' lang='lat'>‚</span> 
     </span>
    </p>

    <p class='ocr_par' dir='ltr' id='par_1_3' title="bbox 212 1669 1281 3458">
     <span class='ocr_line' id='line_1_10' title="bbox 261 1669 1159 1766; baseline 0.001 -23"><span class='ocrx_word' id='word_1_46' title='bbox 261 1669 428 1743; x_wconf 85' lang='lat' dir='ltr'>Plurimus</span> <span class='ocrx_word' id='word_1_47' title='bbox 453 1689 505 1744; x_wconf 86' lang='lat' dir='ltr'>est</span> <span class='ocrx_word' id='word_1_48' title='bbox 531 1691 610 1744; x_wconf 90' lang='lat' dir='ltr'>usus</span> <span class='ocrx_word' id='word_1_49' title='bbox 633 1669 806 1742; x_wconf 78' lang='lat' dir='ltr'>divisionis</span> <span class='ocrx_word' id='word_1_50' title='bbox 834 1691 941 1744; x_wconf 85' lang='lat' dir='ltr'>rerunt</span> <span class='ocrx_word' id='word_1_51' title='bbox 974 1673 1008 1743; x_wconf 91' lang='lat' dir='ltr'>in</span> <span class='ocrx_word' id='word_1_52' title='bbox 1038 1690 1159 1766; x_wconf 77' lang='lat' dir='ltr'>genero</span> 
     </span>
     <span class='ocr_line' id='line_1_11' title="bbox 212 1797 1190 1906; baseline 0 -30"><span class='ocrx_word' id='word_1_53' title='bbox 212 1818 251 1877; x_wconf 74' lang='lat' dir='ltr'>ut</span> <span class='ocrx_word' id='word_1_54' title='bbox 302 1802 456 1895; x_wconf 84' lang='lat' dir='ltr'>species,</span> <span class='ocrx_word' id='word_1_55' title='bbox 502 1819 602 1894; x_wconf 84' lang='lat' dir='ltr'>atque</span> <span class='ocrx_word' id='word_1_56' title='bbox 648 1804 778 1897; x_wconf 83' lang='lat' dir='ltr'>generis</span> <span class='ocrx_word' id='word_1_57' title='bbox 814 1804 850 1873; x_wconf 89' lang='lat' dir='ltr'>io</span> <span class='ocrx_word' id='word_1_58' title='bbox 899 1797 977 1874; x_wconf 71' lang='lat' dir='ltr'>suas·</span> <span class='ocrx_word' id='word_1_59' title='bbox 1017 1803 1190 1906; x_wconf 33' lang='lat' dir='ltr'>species,</span> 
     </span>
     <span class='ocr_line' id='line_1_12' title="bbox 212 1917 1160 2025; baseline -0.003 -20"><span class='ocrx_word' id='word_1_60' title='bbox 212 1927 308 2006; x_wconf 79' lang='lat' dir='ltr'>Haec</span> <span class='ocrx_word' id='word_1_61' title='bbox 339 1933 427 2002; x_wconf 89' lang='lat' dir='ltr'>euim</span> <span class='ocrx_word' id='word_1_62' title='bbox 461 1931 634 2002; x_wconf 87' lang='lat' dir='ltr'>notionem</span> <span class='ocrx_word' id='word_1_63' title='bbox 668 1933 775 2022; x_wconf 84' lang='lat' dir='ltr'>ipsam</span> <span class='ocrx_word' id='word_1_64' title='bbox 810 1917 916 2002; x_wconf 81' lang='lat' dir='ltr'>reddit</span> <span class='ocrx_word' id='word_1_65' title='bbox 949 1923 1160 2025; x_wconf 73' lang='lat' dir='ltr'>magis&#39;cls·</span> 
     </span>
     <span class='ocr_line' id='line_1_13' title="bbox 212 2058 1159 2154; baseline -0.001 -20"><span class='ocrx_word' id='word_1_66' title='bbox 212 2079 301 2146; x_wconf 84' lang='lat' dir='ltr'>ram,</span> <span class='ocrx_word' id='word_1_67' title='bbox 328 2061 539 2154; x_wconf 84' lang='lat' dir='ltr'>perspicuam</span> <span class='ocrx_word' id='word_1_68' title='bbox 565 2079 600 2130; x_wconf 90' lang='lat' dir='ltr'>et</span> <span class='ocrx_word' id='word_1_69' title='bbox 617 2058 827 2145; x_wconf 83' lang='lat' dir='ltr'>distinctam,</span> <span class='ocrx_word' id='word_1_70' title='bbox 851 2079 945 2131; x_wconf 89' lang='lat' dir='ltr'>notat</span> <span class='ocrx_word' id='word_1_71' title='bbox 970 2059 1159 2133; x_wconf 77' lang='lat' dir='ltr'>discrimina</span> 
     </span>
     <span class='ocr_line' id='line_1_14' title="bbox 213 2187 1281 2285; baseline -0.002 -22"><span class='ocrx_word' id='word_1_72' title='bbox 213 2205 314 2285; x_wconf 74' lang='lat' dir='ltr'>atque</span> <span class='ocrx_word' id='word_1_73' title='bbox 340 2191 567 2262; x_wconf 83' lang='lat' dir='ltr'>similitudines</span> <span class='ocrx_word' id='word_1_74' title='bbox 589 2209 717 2275; x_wconf 85' lang='lat' dir='ltr'>torum,</span> <span class='ocrx_word' id='word_1_75' title='bbox 759 2205 913 2284; x_wconf 83' lang='lat' dir='ltr'>procreat</span> <span class='ocrx_word' id='word_1_76' title='bbox 944 2187 1093 2263; x_wconf 83' lang='lat' dir='ltr'>ordinem</span> <span class='ocrx_word' id='word_1_77' title='bbox 1123 2192 1160 2262; x_wconf 84' lang='lat' dir='ltr'>ln</span> <span class='ocrx_word' id='word_1_78' title='bbox 1278 2269 1281 2284; x_wconf 91' lang='lat'><em>.</em></span> 
     </span>
     <span class='ocr_line' id='line_1_15' title="bbox 215 2301 1160 2417; baseline -0.004 -23"><span class='ocrx_word' id='word_1_79' title='bbox 215 2301 400 2417; x_wconf 79' lang='lat' dir='ltr'>argumenti</span> <span class='ocrx_word' id='word_1_80' title='bbox 435 2319 595 2416; x_wconf 85' lang='lat' dir='ltr'>genemlis</span> <span class='ocrx_word' id='word_1_81' title='bbox 628 2319 902 2416; x_wconf 79' lang='lat' dir='ltr'>investigatione,</span> <span class='ocrx_word' id='word_1_82' title='bbox 939 2330 1046 2413; x_wconf 86' lang='lat' dir='ltr'>quae,</span> <span class='ocrx_word' id='word_1_83' title='bbox 1079 2335 1160 2391; x_wconf 87' lang='lat' dir='ltr'>turn</span> 
     </span>
     <span class='ocr_line' id='line_1_16' title="bbox 214 2447 1161 2546; baseline 0 -26"><span class='ocrx_word' id='word_1_84' title='bbox 214 2469 277 2546; x_wconf 83' lang='lat' dir='ltr'>per</span> <span class='ocrx_word' id='word_1_85' title='bbox 299 2469 407 2544; x_wconf 89' lang='lat' dir='ltr'>partes</span> <span class='ocrx_word' id='word_1_86' title='bbox 428 2448 505 2537; x_wconf 89' lang='lat' dir='ltr'>liat,</span> <span class='ocrx_word' id='word_1_87' title='bbox 529 2453 626 2522; x_wconf 85' lang='lat' dir='ltr'>etiam</span> <span class='ocrx_word' id='word_1_88' title='bbox 647 2449 780 2522; x_wconf 87' lang='lat' dir='ltr'>facilior</span> <span class='ocrx_word' id='word_1_89' title='bbox 802 2449 959 2522; x_wconf 85' lang='lat' dir='ltr'>redditur.</span> <span class='ocrx_word' id='word_1_90' title='bbox 1009 2447 1086 2522; x_wconf 89' lang='lat' dir='ltr'>Nec</span> <span class='ocrx_word' id='word_1_91' title='bbox 1103 2469 1161 2520; x_wconf 88' lang='lat' dir='ltr'>ve·</span> 
     </span>
     <span class='ocr_line' id='line_1_17' title="bbox 215 2577 1163 2676; baseline -0.001 -22"><span class='ocrx_word' id='word_1_92' title='bbox 215 2601 257 2654; x_wconf 85' lang='lat' dir='ltr'>ro</span> <span class='ocrx_word' id='word_1_93' title='bbox 277 2577 332 2655; x_wconf 86' lang='lat' dir='ltr'>illa</span> <span class='ocrx_word' id='word_1_94' title='bbox 355 2601 455 2674; x_wconf 85' lang='lat' dir='ltr'>parva</span> <span class='ocrx_word' id='word_1_95' title='bbox 477 2581 526 2652; x_wconf 89' lang='lat' dir='ltr'>vis</span> <span class='ocrx_word' id='word_1_96' title='bbox 549 2599 600 2652; x_wconf 87' lang='lat' dir='ltr'>est</span> <span class='ocrx_word' id='word_1_97' title='bbox 632 2579 730 2674; x_wconf 90' lang='lat' dir='ltr'>hujus</span> <span class='ocrx_word' id='word_1_98' title='bbox 759 2579 950 2666; x_wconf 83' lang='lat' dir='ltr'>divisionis,</span> <span class='ocrx_word' id='word_1_99' title='bbox 981 2581 1072 2676; x_wconf 92' lang='lat' dir='ltr'>quod</span> <span class='ocrx_word' id='word_1_100' title='bbox 1100 2577 1163 2676; x_wconf 77' lang='lat' dir='ltr'>pe&#39;r</span> 
     </span>
     <span class='ocr_line' id='line_1_18' title="bbox 215 2709 1162 2810; baseline -0.002 -26"><span class='ocrx_word' id='word_1_101' title='bbox 215 2731 324 2784; x_wconf 82' lang='lat' dir='ltr'>terum</span> <span class='ocrx_word' id='word_1_102' title='bbox 346 2731 469 2782; x_wconf 82' lang='lat' dir='ltr'>nexum</span> <span class='ocrx_word' id='word_1_103' title='bbox 500 2711 696 2782; x_wconf 86' lang='lat' dir='ltr'>memoriam</span> <span class='ocrx_word' id='word_1_104' title='bbox 720 2710 891 2794; x_wconf 83' lang='lat' dir='ltr'>sublevat.</span> <span class='ocrx_word' id='word_1_105' title='bbox 917 2731 996 2784; x_wconf 89' lang='lat' dir='ltr'>cunr</span> <span class='ocrx_word' id='word_1_106' title='bbox 1018 2731 1061 2782; x_wconf 85' lang='lat' dir='ltr'>ex</span> <span class='ocrx_word' id='word_1_107' title='bbox 1086 2709 1162 2810; x_wconf 71' lang='lat' dir='ltr'>lege</span> 
     </span>
     <span class='ocr_line' id='line_1_19' title="bbox 217 2837 1163 2935; baseline -0.003 -21"><span class='ocrx_word' id='word_1_108' title='bbox 217 2840 396 2914; x_wconf 86' lang='lat' dir='ltr'>Societatis</span> <span class='ocrx_word' id='word_1_109' title='bbox 425 2840 595 2926; x_wconf 85' lang='lat' dir='ltr'>idearum,</span> <span class='ocrx_word' id='word_1_110' title='bbox 638 2862 737 2935; x_wconf 86' lang='lat' dir='ltr'>quant</span> <span class='ocrx_word' id='word_1_111' title='bbox 769 2860 913 2928; x_wconf 89' lang='lat' dir='ltr'>vocant,</span> <span class='ocrx_word' id='word_1_112' title='bbox 947 2837 1080 2912; x_wconf 79' lang='lat' dir='ltr'>facilius</span> <span class='ocrx_word' id='word_1_113' title='bbox 1110 2860 1163 2911; x_wconf 88' lang='lat' dir='ltr'>re·</span> 
     </span>
     <span class='ocr_line' id='line_1_20' title="bbox 218 2969 1188 3064; baseline -0.012 -18"><span class='ocrx_word' id='word_1_114' title='bbox 218 2974 417 3046; x_wconf 72' lang='lat' dir='ltr'>suscitentur</span> <span class='ocrx_word' id='word_1_115' title='bbox 438 2993 501 3056; x_wconf 86' lang='lat' dir='ltr'>ea,</span> <span class='ocrx_word' id='word_1_116' title='bbox 533 2991 618 3064; x_wconf 86' lang='lat' dir='ltr'>quae</span> <span class='ocrx_word' id='word_1_117' title='bbox 645 2969 782 3043; x_wconf 89' lang='lat' dir='ltr'>vinculo</span> <span class='ocrx_word' id='word_1_118' title='bbox 806 2969 950 3064; x_wconf 80' lang='lat' dir='ltr'>quodam</span> <span class='ocrx_word' id='word_1_119' title='bbox 978 2987 1054 3042; x_wconf 89' lang='lat' dir='ltr'>sunt</span> <span class='ocrx_word' id='word_1_120' title='bbox 1077 2989 1188 3042; x_wconf 56' lang='lat' dir='ltr'>cortu</span> 
     </span>
     <span class='ocr_line' id='line_1_21' title="bbox 214 3097 1162 3200; baseline -0.006 -24"><span class='ocrx_word' id='word_1_121' title='bbox 214 3104 354 3200; x_wconf 60' lang='lat' dir='ltr'>junctu</span> <span class='ocrx_word' id='word_1_122' title='bbox 387 3099 481 3195; x_wconf 91' lang='lat' dir='ltr'>quod</span> <span class='ocrx_word' id='word_1_123' title='bbox 503 3102 654 3195; x_wconf 87' lang='lat' dir='ltr'>inprimis</span> <span class='ocrx_word' id='word_1_124' title='bbox 677 3121 816 3194; x_wconf 79' lang='lat' dir='ltr'>augetur</span> <span class='ocrx_word' id='word_1_125' title='bbox 841 3100 1007 3187; x_wconf 88' lang='lat' dir='ltr'>vocibus,</span> <span class='ocrx_word' id='word_1_126' title='bbox 1040 3097 1162 3190; x_wconf 80' lang='lat' dir='ltr'>quibus</span> 
     </span>
     <span class='ocr_line' id='line_1_22' title="bbox 218 3227 1164 3326; baseline -0.003 -23"><span class='ocrx_word' id='word_1_127' title='bbox 218 3247 373 3326; x_wconf 79' lang='lat' dir='ltr'>uinquam</span> <span class='ocrx_word' id='word_1_128' title='bbox 411 3230 550 3326; x_wconf 81' lang='lat' dir='ltr'>sigillis,</span> <span class='ocrx_word' id='word_1_129' title='bbox 589 3251 642 3303; x_wconf 79' lang='lat' dir='ltr'>rav</span> <span class='ocrx_word' id='word_1_130' title='bbox 672 3229 770 3302; x_wconf 88' lang='lat' dir='ltr'>simul</span> <span class='ocrx_word' id='word_1_131' title='bbox 798 3249 877 3301; x_wconf 88' lang='lat' dir='ltr'>curo</span> <span class='ocrx_word' id='word_1_132' title='bbox 909 3249 1020 3302; x_wconf 86' lang='lat' dir='ltr'>eurum</span> <span class='ocrx_word' id='word_1_133' title='bbox 1055 3227 1164 3301; x_wconf 74' lang='lat' dir='ltr'>distri-</span> 
     </span>
     <span class='ocr_line' id='line_1_23' title="bbox 215 3341 1151 3458; baseline -0.004 -21"><span class='ocrx_word' id='word_1_134' title='bbox 215 3361 412 3436; x_wconf 83' lang='lat' dir='ltr'>butionibus</span> <span class='ocrx_word' id='word_1_135' title='bbox 450 3363 553 3434; x_wconf 82' lang='lat' dir='ltr'>menti</span> <span class='ocrx_word' id='word_1_136' title='bbox 592 3359 784 3458; x_wconf 83' lang='lat' dir='ltr'>infiguntur.</span> <span class='ocrx_word' id='word_1_137' title='bbox 807 3357 878 3453; x_wconf 89' lang='lat'>(1)</span> <span class='ocrx_word' id='word_1_138' title='bbox 966 3345 969 3350; x_wconf 39' lang='lat'>⁵</span> <span class='ocrx_word' id='word_1_139' title='bbox 1105 3341 1109 3348; x_wconf 57' lang='grc'>’</span> <span class='ocrx_word' id='word_1_140' title='bbox 1146 3361 1151 3370; x_wconf 87' lang='grc'>’</span> 
     </span>
    </p>
   </div>
   <div class='ocr_carea' id='block_1_3' title="bbox 259 3615 1170 3822">
    <p class='ocr_par' dir='ltr' id='par_1_4' title="bbox 259 3615 1170 3822">
     <span class='ocr_line' id='line_1_24' title="bbox 259 3615 1167 3720; baseline -0.007 -32"><span class='ocrx_word' id='word_1_141' title='bbox 259 3615 439 3688; x_wconf 82' lang='lat' dir='ltr'>Animadv.</span> <span class='ocrx_word' id='word_1_142' title='bbox 469 3637 501 3686; x_wconf 88' lang='lat'>1.</span> <span class='ocrx_word' id='word_1_143' title='bbox 531 3617 611 3686; x_wconf 86' lang='lat' dir='ltr'>Non</span> <span class='ocrx_word' id='word_1_144' title='bbox 632 3635 750 3703; x_wconf 84' lang='lat' dir='ltr'>paucae</span> <span class='ocrx_word' id='word_1_145' title='bbox 774 3633 855 3720; x_wconf 30' lang='lat' dir='ltr'>suut·</span> <span class='ocrx_word' id='word_1_146' title='bbox 868 3631 967 3684; x_wconf 87' lang='lat' dir='ltr'>voces</span> <span class='ocrx_word' id='word_1_147' title='bbox 988 3615 1167 3701; x_wconf 78' lang='lat' dir='ltr'>sermonis,</span> 
     </span>
     <span class='ocr_line' id='line_1_25' title="bbox 1095 3751 1170 3822; baseline 0 0"><span class='ocrx_word' id='word_1_148' title='bbox 1095 3751 1170 3822; x_wconf 68' lang='lat'>‘111¹-</span> 
     </span>
    </p>
   </div>
   <div class='ocr_carea' id='block_1_4' title="bbox 222 3909 1168 4104">
    <p class='ocr_par' dir='ltr' id='par_1_5' title="bbox 222 3909 1168 4104">
     <span class='ocr_line' id='line_1_26' title="bbox 258 3909 1168 4004; baseline -0.021 -19"><span class='ocrx_word' id='word_1_149' title='bbox 258 3928 301 4004; x_wconf 85' lang='grc' dir='ltr'>(ι)</span> <span class='ocrx_word' id='word_1_150' title='bbox 321 3929 395 3986; x_wconf 75' lang='lat' dir='ltr'>Vero</span> <span class='ocrx_word' id='word_1_151' title='bbox 412 3927 595 3984; x_wconf 70' lang='lat' dir='ltr'>Linaton·</span> <span class='ocrx_word' id='word_1_152' title='bbox 617 3923 736 3998; x_wconf 74' lang='lat' dir='ltr'>(Philon.</span> <span class='ocrx_word' id='word_1_153' title='bbox 753 3925 884 3983; x_wconf 68' lang='lat' dir='ltr'>Boionia</span> <span class='ocrx_word' id='word_1_154' title='bbox 898 3943 927 3999; x_wconf 79' lang='lat' dir='ltr'>p.</span> <span class='ocrx_word' id='word_1_155' title='bbox 948 3909 1052 4000; x_wconf 56' lang='lat' dir='ltr'>rdajg&#39;</span> <span class='ocrx_word' id='word_1_156' title='bbox 1070 3929 1168 3986; x_wconf 60' lang='lat' dir='ltr'>mm.</span> 
     </span>
     <span class='ocr_line' id='line_1_27' title="bbox 222 4029 1118 4104; baseline -0.019 -14"><span class='ocrx_word' id='word_1_157' title='bbox 222 4047 263 4089; x_wconf 74' lang='lat' dir='ltr'>m</span> <span class='ocrx_word' id='word_1_158' title='bbox 277 4032 305 4086; x_wconf 78' lang='lat' dir='ltr'>aa·</span> <span class='ocrx_word' id='word_1_159' title='bbox 319 4029 714 4104; x_wconf 66' lang='lat' dir='ltr'>maaia,1nn&#39;eaetoogvtuio</span> <span class='ocrx_word' id='word_1_160' title='bbox 731 4039 837 4084; x_wconf 69' lang='lat' dir='ltr'>nonin·</span> <span class='ocrx_word' id='word_1_161' title='bbox 911 4044 914 4056; x_wconf 95' lang='lat'><em>·</em></span> <span class='ocrx_word' id='word_1_162' title='bbox 975 4049 980 4058; x_wconf 88' lang='lat'><em>·</em></span> <span class='ocrx_word' id='word_1_163' title='bbox 1116 4047 1118 4054; x_wconf 59' lang='lat'>&gt;</span> 
     </span>
    </p>
   </div>
   <div class='ocr_carea' id='block_1_5' title="bbox 0 0 1469 4858">
    <p class='ocr_par' dir='ltr' id='par_1_6' title="bbox 0 0 1469 4858">
     <span class='ocr_line' id='line_1_28' title="bbox 0 0 1469 4858; baseline 0 0"><span class='ocrx_word' id='word_1_164' title='bbox 0 0 1469 4858; x_wconf 95' lang='lat' dir='ltr'> </span> 
     </span>
    </p>
   </div>
   <div class='ocr_carea' id='block_1_6' title="bbox 1443 0 1452 1082">
    <p class='ocr_par' dir='ltr' id='par_1_7' title="bbox 1443 0 1452 1082">
     <span class='ocr_line' id='line_1_29' title="bbox 1443 0 1452 1082; baseline 0 0"><span class='ocrx_word' id='word_1_165' title='bbox 1443 0 1452 1082; x_wconf 95' lang='lat' dir='ltr'> </span> 
     </span>
    </p>
   </div>
  </div>
 </body>
</html>
