2852 4874
278 477 333 532 'ao
486 445 1085 534 Pudnaooutnn..

286 651 403 731 tatem,
425 641 518 732 quam
525 633 739 739 {protantium
757 652 931 734 appellant,
945 666 1028 733 quae
1037 643 1174 715 refettnt.
1188 647 1228 714 ad
1249 707 1252 712 .

286 769 432 851 tempus,
454 783 512 851 per
531 767 619 848 quod
639 765 810 848 quidquam
830 780 905 849 est,
926 781 981 832 aut
997 763 1087 851 agit3
1110 779 1146 831 ut
1157 766 1230 830 lon·

288 864 449 970 ginquitas
466 902 523 951 seu
545 882 735 950 diuturnitas
760 883 908 966 doloris,
928 881 1053 963 morbi,
1074 880 1228 961 actionis,

288 999 386 1068 uitae.
430 999 522 1068 Hane
553 999 654 1066 etiani
675 1000 902 1084 quantitatem,
933 1012 971 1066 ut
1000 988 1104 1084 alique
1126 996 1229 1082 ipsius

282 1117 394 1202 imago
419 1114 545 1182 fomtari
576 1113 703 1199 possit,
747 1133 821 1180 curn
840 1167 845 1173 .
861 1121 1045 1198 quantitate-
1066 1110 1230 1182 extensius

290 1249 529 1318 comparamus,
545 1231 723 1299 adhibendo
743 1233 844 1317 spatia
864 1231 1083 1314 acorporibus
1102 1248 1231 1315 percur-

291 1371 348 1435 sa,
379 1351 553 1418 autetiam
585 1350 776 1436 designando
811 1357 949 1435 tempus·
963 1349 1069 1434 ipsum
1096 1347 1231 1432 imagine

290 1469 533 1536 recrastinans.
578 1465 719 1536 Omnino
748 1467 861 1535 mentis
890 1468 1041 1535 humanae
1067 1465 1231 1552 proprium

292 1601 365 1666 eat,
403 1602 564 1669 quaeres
596 1583 720 1652 interno
756 1603 854 1652 sensu
884 1585 956 1652 solo
987 1582 1230 1670 percipiuntur,

293 1721 346 1771 eas
366 1703 522 1772 illustrare
540 1721 644 1771 terum
664 1716 860 1770 externarum
883 1701 1086 1789 imaginibus.

575 1939 703 2082 §.16ss
742 1985 951 2088 Geometrio.

345 2242 552 2338 Disciplina,
572 2243 876 2340 quaeQuantotum
899 2265 1107 2322 estensotttm
1128 2265 1233 2338 quan·
1281 2261 1284 2268 ·

297 2378 404 2448 timtes
434 2391 468 2443 et
497 2373 618 2445 lotmas
644 2375 834 2469 investigat,
862 2393 967 2469 atque„
980 2378 1064 2456 inter
1086 2394 1120 2443 se
1139 2385 1244 2444 corn·'

297 2521 409 2598 parat,
443 2501 563 2572 dicitur
591 2500 802 2576 Geometria.
853 2501 945 2575 Haec
976 2523 1017 2574 ex
1038 2504 1232 2576 notionibus

299 2629 506 2724 simplicibus
534 2628 634 2716 loci,
668 2629 839 2702 distantiae
871 2653 906 2704 et
937 2633 1124 2705 directionis
1155 2630 1235 2702 alias

297 2756 415 2844 elicit,
430 2777 529 2851 atque
545 2761 588 2830 ita
600 2757 731 2856 Quanta
752 2779 903 2844 extensa,
917 2781 1002 2856 quae
1015 2761 1057 2834 ab
1078 2763 1236 2856 imagina-

299 2890 392 2962 tione
417 2887 458 2960 ad
480 2885 611 2960 libimtn
639 2887 826 2984 finguntur,
859 2889 1015 2986 legesque
1045 2867 1232 2984 generales,

298 3019 458 3106 rationem
486 3019 575 3090 iuter
601 3019 672 3111 ipsa
696 3017 912 3107 definientes,
935 3017 1095 3111 explorat.
1146 3018 1235 3090 Vere

252 3193 254 3196 -
298 3146 420 3220 dicitur
451 3145 649 3238 Geometria
668 3159 800 3240 pura„
816 3149 971 3242 quoniam
997 3167 1129 3231 rerum,¹
1149 3129 1236 3241 quae

299 3277 343 3348 ln
361 3276 470 3367 spatio
501 3292 598 3361 suut,
631 3295 699 3346 non
730 3275 806 3346 alias
828 3273 1000 3369 qualitates
1022 3273 1235 3379 considerat,

300 3423 402 3499 quam
433 3421 529 3500 qaae
545 3400 586 3474 ad
616 3404 759 3493 spatium
787 3407 961 3508 pertinent.
1010 3403 1123 3492 Veluti
1156 3405 1238 3477 coni

296 3534 461 3606 examinat
488 3529 659 3622 formam,
690 3527 924 3628 superficiem,
945 3501 1236 3632 'magnimdinem

297 3659 401 3733 lineas
438 3663 472 3732 in
501 3677 545 3731 eo
581 3657 725 3746 ductas,
765 3661 928 3732 sectiones
962 3661 1097 3748 iactas,
1138 3679 1238 3763 atque

298 3790 581 3880 comparationem
610 3789 681 3884 ejus
710 3789 848 3861 instituit
884 3810 961 3861 cum
990 3789 1063 3862 aliis
1086 3793 1238 3888 corpori·

299 3915 386 4001 bus3
418 3914 508 3985 nulla
530 3917 655 3987 tatione
683 3917 811 4004 habita,
837 3939 945 3992 urnam
967 3941 1073 3994 conus
1104 3941 1146 3993 ex
1174 3921 1240 4018 lig·

301 4063 379 4130 nea,
415 4062 456 4114 aa
490 4061 534 4116 ex
563 4043 624 4116 alia
647 4049 777 4120 materia
801 4045 974 4124 conlectus
998 4049 1049 4122 sit.
1099 4048 1240 4126 Nomen

1182 4199 1243 4251 au.
