2856 4862
303 395 381 530 mo
515 413 1033 488 Pnotsnomnnm

346 611 385 686 Si
409 609 452 682 ad
474 608 731 683 uniformitatem
757 607 884 679 accedit
907 608 1086 704 aequalitas
1114 612 1239 706 magui·

302 738 445 826 tudinis,
469 735 595 822 lineae,
627 736 751 834 figurae
766 757 800 807 et
820 758 960 829 corpora
987 739 1139 832 omnibus
1152 751 1256 832 pan·

301 866 393 942 ribus
416 861 580 960 aequalia
614 859 713 950 sunt,
739 865 840 938 veluti
865 865 970 952 lineae
993 884 1123 956 tectae,
1159 887 1244 962 quae

303 994 530 1094 magnitudine
563 993 714 1088 aequales
755 1015 852 1080 sunt;
894 995 1027 1072 circuli.
1061 1005 1256 1086 eorumque·

302 1122 842 1222 pmmmmsumefflmh
909 1123 1239 1218 nmfflamwm

305 1273 397 1328 mm
1119 1281 1126 1292 ·

353 1381 402 1456 Ar
421 1395 523 1471 vero,'
547 1379 640 1476 quod
659 1381 806 1474 inprimis
833 1381 1152 1452 animadvertendum
1169 1399 1241 1466 est,

302 1511 451 1608 quamvis
475 1508 594 1603 forma
620 1511 777 1581 consistat
790 1511 822 1579 in
839 1510 909 1581 sola
926 1509 1095 1581 lineorum
1112 1525 1146 1580 er
1162 1509 1239 1602 pia·

304 1661 426 1716 norum
440 1637 646 1740 directione,
668 1659 768 1733 atque
781 1640 882 1734 igitur
904 1640 985 1710 solis
997 1636 1239 1735 angulisdeii·

302 1763 428 1856 niente,
478 1785 585 1840 tamen
615 1787 693 1839 cum
723 1787 762 1838 ea
795 1769 975 1838 arctissime
1004 1765 1158 1838 cohaeret
1183 1764 1238 1838 ilia

303 1887 419 1970 relatio
450 1891 681 1978 interimere,
710 1891 845 1990 'figuras
874 1915 1100 1989 erumpunt,
1139 1879 1281 1988 qnam,

302 2021 750 2098 rarionem‘ceonerrnam
772 2023 879 2094 dicere
896 2023 1027 2106 soieur‚‘
1048 2026 1239 2116 at'quetan·

300 2173 401 2248 quam
424 2151 613 2224 intermedia
635 2137 684 2221 est
707 2153 791 2222 inter
811 2151 1028 2222 directionum
1054 2171 1089 2221 er
1115 2148 1237 2247 magni·

300 2281 451 2358 uinum
481 2277 716 2374 aequalitatem
766 2277 878 2350 Veluti
904 2278 1136 2374 duae'figurae
1165 2300 1238 2352 rec·

302 2407 433 2482 tilineae
446 2405 633 2505 quaelibet,
647 2404 1238 2502 si·uniformes·sttnr;habent(quod

299 2536 399 2614 acue
422 2535 633 2608 demonstrari
658 2533 805 2626 potest)
820 2535 920 2608 intera
935 2535 1132 2633 ¹homologa
1156 2557 1236 2630 pro·

298 2663 520 2760 portionalis,
568 2683 667 2757 atque
696 2683 812 2736 omnes
843 2639 948 2736 lineae
978 2684 1086 2736 rectae
1113 2665 1238 2739 homo-

298 2792 424 2890 togae,
455 2791 573 2864 ductae
605 2793 638 2862 in
668 2791 799 2864 duobus
837 2794 989 2880 circulis,
1018 2811 1098 2864 sunt
1118 2795 1154 2866 in
1182 2817 1237 2868 ra·¹

302 2919 396 2996 tione
432 2922 595 2994 constanti
621 2919 797 2994 radiontm.
867 2921 1033 2993 Universa·
1054 2941 1168 2992 omnes
1195 2921 1238 2994 li·

297 3073 379 3124 aeae
406 3051 515 3126 rectae
546 3049 747 3146 homologae
759 3099 772 3138 ,
791 3048 911 3120 duone
925 3053 958 3120 in
986 3047 1112 3144 figuris?
1123 3052 1237 3122 curvih

298 3181 396 3254 iineis
423 3178 666 3263 uniformibus,
706 3180 814 3249 autin
836 3179 1037 3269 corporibus
1062 3177 1238 3251 uniformit

296 3308 380 3394 bus,
402 3325 477 3380 aunt
498 3307 529 3376 in
553 3309 681 3376 ratione
703 3307 879 3378 consonet
909 3297 1034 3376 'Areae
1056 3303 1239 3399 figuramus

296 3455 332 3508 er
358 3433 606 3528 superficientm
628 3431 843 3504 uniformium
861 3453 938 3504 sunt
957 3435 1133 3506 iuratione
1151 3454 1238 3526 qua«

296 3565 385 3638 dtata
402 3562 561 3646 laterum,
585 3581 643 3634 aut
659 3559 819 3634 tinearum
843 3560 1121 3656 homoiogarum,
1147 3581 1235 3657 qtrae

296 3694 331 3764 in
359 3695 400 3762 iis
423 3691 540 3764 ductae
565 3709 650 3762 sunt.
685 3689 869 3775 Prismata,
897 3690 1103 3783 pyramides,
1128 3689 1237 3780 cyiin-

296 3819 366 3905 dri,
384 3823 484 3902 coni,
508 3838 605 3912 atque
624 3820 772 3892 universe
784 3821 895 3892 omnia
914 3827 1075 3914 corpora,
1098 3839 1233 3891 eontra·
1320 3795 1335 3872 s

283 3967 361 4046 uque
391 3965 579 4042 agmeun,
600 3949 632 4020 n
652 3947 829 4026 uniformit
851 3949 1237 4036 nominationem
