2852 4874
331 451 379 543 46
536 443 1063 559 Frontonianum

331 685 359 724 „
381 638 552 723 coelestis,
573 641 734 726 quasillis
754 645 798 711 sit
821 646 899 738 vis,
921 665 1045 730 quaene
1064 660 1206 732 natura,¹
1225 667 1286 718 sa·

325 773 357 852 „·
379 757 470 843 piens
493 763 579 828 scit:
599 779 714 828 cursus
732 775 765 829 et
788 782 934 831 recursus
958 779 992 833 et
1013 764 1284 848 observatiam,

328 887 364 962 ‚,'
378 895 435 961 per
467 887 545 960 quas
574 879 801 963 descendunt,
839 893 872 948 et
907 883 1104 967 allevantur,
1119 915 1120 920 ,
1133 891 1177 952 ac‘
1191 899 1282 968 spo·

327 1039 356 1076 „
377 993 457 1061 ciem
476 993 632 1063 interdum
649 997 799 1064 stantium
821 999 976 1082 praebet,
993 1018 1065 1066 cum
1074 999 1289 1074 coelestlbus·

324 1158 352 1194 „
374 1125 457 1180 stare
478 1131 545 1180 non
572 1113 688 1196 liceat,
720 1114 845 1200 colligit
875 1115 1134 1186 Mathematicus.
1155 1159 1156 1164 =
1177 1117 1281 1205 Quae

319 1247 353 1313 ⁸„
374 1249 469 1298 causa
485 1231 520 1297 ln
538 1233 670 1316 speculo
687 1231 1026 1318 imagineserprlnat,
1043 1237 1101 1304 scit
1117 1236 1274 1320 sapienst

325 1393 354 1434 „
377 1348 457 1415 illud
482 1348 541 1415 tibi
559 1349 734 1418 Geometcr.
754 1365 863 1436 potest
891 1352 1019 1435 dicere,
1040 1367 1193 1436 quantuni
1213 1354 1279 1420 arb-1

324 1511 353 1551 „
373 1485 445 1536 csse
477 1467 589 1536 debeat
618 1487 738 1554 corpus
769 1467 809 1535 ab
831 1468 986 1555 imagine,
1009 1483 1042 1537 ct
1068 1469 1171 1554 qualis
1200 1466 1277 1538 for·

323 1633 351 1670 „
373 1603 423 1654 ma
452 1586 576 1672 speculi
605 1587 714 1670 quales
744 1585 894 1672 imagines
932 1587 1057 1654 reddat*
1101 1585 1271 1671 Magnum

322 1749 351 1788 „
371 1720 444 1770 esse
475 1705 576 1770 solem
593 1747 607 1784 ‚
622 1699 859 1786 ‘philosophus
900 1701 1049 1786 probabit
1066 1721 1078 1784 ;
1125 1716 1271 1794 quantus

323 1869 352 1908 „
372 1821 436 1903 sit,
468 1821 737 1904 Mathematicus,
768 1819 825 1904 qui
852 1838 913 1887 usu
938 1819 1074 1904 quodam
1108 1835 1140 1886 ct
1170 1837 1269 1887 exer·

321 1987 350 2026 „
369 1939 520 2006 citatione
539 1938 704 2023 procedite
727 1938 808 2020 sed,
836 1951 872 2006 ut
890 1937 1063 2023 procedat,
1089 1939 1267 2024 impetran-

203 2149 206 2156 .
318 2105 347 2143 ,‚
369 2057 407 2125 da
426 2056 472 2122 illi
493 2055 643 2138 quaedam
664 2053 820 2140 principia
839 2069 928 2125 sunt.
970 2056 1049 2123 Non
1078 2070 1128 2124 est
1154 2069 1267 2127 autern

319 2223 348 2262 „
369 2194 420 2244 ars
442 2175 492 2242 sui
512 2175 618 2260 juris,
657 2172 709 2240 cui
730 2173 904 2258 precarium
929 2171 1167 2241 itmdamentntn
1193 2189 1264 2243 est.

319 2342 349 2378 „
369 2291 566 2382 Philosophia
587 2291 638 2357 nil
653 2290 695 2359 ab
710 2291 788 2383 ¹ulio
806 2294 909 2378 petit,
937 2303 1036 2358 totum
1068 2307 1140 2380 opus
1168 2311 1192 2356 a
1212 2311 1268 2358 so·

316 2462 345 2500 „
367 2415 397 2480 lo
417 2414 548 2476 exaltan
592 2403 841 2490 Mathematica‚
863 2421 899 2473 ut
928 2406 972 2474 ita
995 2407 1119 2491 dican,
1151 2422 1266 2498 reaper.-

317 2579 347 2617 „
361 2521 572 2616 fict'ariacsr,
589 2527 622 2594 in
634 2524 737 2594 alieno
748 2525 913 2607 aedificat,
932 2525 1031 2593 aliena
1047 2522 1160 2609 accipit
1170 2523 1264 2610 prin*

316 2697 345 2734 ,‚
365 2648 471 2733 cipis,
491 2662 627 2730 quorum
647 2643 804 2712 beneficio
825 2643 864 2710 ud
888 2643 1038 2711 ulteriora
1070 2641 1261 2727 perueniat”

319 2791 324 2798 ·
357 2765 494 2833 Plurima
516 2763 548 2829 in
572 2762 621 2829 his
642 2761 719 2828 satis
745 2759 951 2845 probabiliter
978 2758 1165 2832 dictasunt.
1208 2759 1263 2827 At

313 2901 392 2954 vero
421 2883 600 2966 praeclarus
627 2878 679 2945 hic
710 2875 1131 2961 philosophumaemdittor
1156 2889 1261 2958 atque

312 3003 405 3071 etiam
426 2997 586 3086 sagacior,
607 3015 701 3080 quam
726 2993 975 3078 subtilior‚n0n
987 2992 1062 3060 satis
1082 2971 1261 3070 summisse

311 3119 438 3188 videtur
455 3117 494 3184 ad
513 3115 567 3196 id,
594 3115 683 3197 quod
697 3113 730 3179 in
751 3113 808 3179 hac
828 3129 922 3178 causa
939 3107 1158 3198 gravissimum
1181 3123 1264 3194 est;.

312 3249 466 3321 quantum
494 3231 582 3316 ipsae
610 3249 775 3298 mensurae
812 3244 909 3313 atque
940 3227 1082 3310 numeri,
1114 3228 1159 3294 in'
1180 3226 1260 3310 qui·

311 3356 373 3422 bus
390 3349 548 3418 Matltesis
559 3343 721 3432 utraque,
737 3361 770 3414 et
792 3365 871 3431 pura
890 3361 923 3414 et
941 3346 1059 3429 mixta,
1082 3359 1228 3414 versatur
1238 3387 1274 3432 ,.··

309 3472 416 3538 valere
440 3459 568 3555 possint
599 3465 639 3532 ad
667 3483 778 3532 causas
805 3465 995 3533 naturalium
1023 3463 1252 3548 irretiendos,

306 3589 347 3654 ad
369 3583 635 3670 philosophorum
660 3597 717 3652 aut
747 3583 954 3668 physicorum
982 3583 1021 3651 de
1053 3581 1094 3649 iis
1121 3597 1260 3662 settteu·¹

306 3701 620 3770 tiasconlinnandrs
642 3713 697 3766 aut
724 3701 958 3768 convellendos.
1003 3701 1092 3790 Quid
1117 3702 1170 3770 illa
1196 3703 1249 3770 lex

306 3821 347 3886 de
364 3835 536 3906 carporum
564 3817 776 3886 attractione?
810 3818 889 3902 quid
919 3818 1048 3886 omnino
1070 3821 1157 3907 leges
1178 3813 1249 3887 mo·

305 3933 427 4001 tuuml
458 3935 549 4021 Quae
574 3935 654 4018 ipsis
685 3949 769 4002 esset
792 3935 985 4017 auctoritas,
1016 3937 1046 4003 si
1077 3955 1146 4004 eant
1179 3955 1246 4005 non

306 4051 447 4121 dedisset
472 4065 526 4118 aut
554 4050 770 4120 confirmasset
801 4039 994 4142 Μιιῑῐιεεῑεβὁ
1020 4055 1101 4144 Eius
1126 4055 1243 4128 auxili-0

1178 4193 1244 4260 pn.
