2852 4874
355 467 887 551 Panontnoaatttas
1050 475 1100 575 '47

150 663 393 752 pompante
408 683 474 734 non
492 681 626 752 magnos
647 665 680 732 in
691 664 917 751 investigandis
936 664 1037 738 rebus
1050 687 1111 736 na·-

138 781 316 858 sonibus
337 801 528 871 progressos
549 782 757 868 Philosophia
774 779 878 852 facere
896 797 1019 869 potest.
1059 787 1108 854 At

147 887 234 970 vem
245 899 429 984 Mathonis,
440 901 579 969 Smecae
597 901 873 984 aetate,nondum
884 901 1040 999 praeclara
1051 900 1105 972 illa

146 1019 484 1106 Physicatptaestart
493 1033 618 1104 poterat
629 1017 1026 1103 offitia,dtquibusnunc
1037 1021 1110 1106 glo·

148 1136 396 1206 alatnametito.
430 1137 563 1226 Quare,
583 1137 612 1204 tl
631 1136 684 1204 hic
702 1136 923 1222 philosophus·
937 1155 1004 1204 eam
1015 1137 1107 1223 parvi

146 1253 456 1336 utimavffltnon
466 1271 655 1340 magnopere
664 1253 839 1320 mitandum
849 1253 911 1336 ait3
924 1273 1104 1340 quanquam

146 1391 221 1440 non
231 1371 274 1440 ab
285 1389 326 1440 eo
337 1417 349 1452 ,
362 1371 451 1456 quod
465 1384 603 1456 praestet
614 1371 719 1454 aliqua
730 1371 781 1438 vis
792 1417 805 1454 ,
818 1371 875 1438 sod
890 1373 978 1454 quod
992 1355 1103 1440 natata

143 1509 222 1558 sua·
242 1503 403 1573 praestate
424 1487 551 1572 possit,
581 1487 691 1574 colligi
713 1501 863 1572 oportet,
895 1503 1013 1572 quanta
1043 1491 1098 1558 sit.

145 1607 258 1698 Qttod
285 1621 391 1675 autem
420 1607 461 1676 de
487 1605 615 1692 cognita
646 1606 726 1674 solis
755 1605 972 1692 magnitudine
1000 1607 1104 1693 dicit,

144 1723 466 1794 animadvertendam
487 1724 633 1807 videtur,
656 1723 907 1807 mathematico,
930 1724 987 1809 qui
1003 1725 1104 1812 sciat,

145 1859 296 1932 wantos
313 1846 378 1924 tit,
402 1859 474 1912 asse
493 1843 676 1928 ampliorem
703 1843 784 1911 solis
807 1842 974 1926 notitiam,
994 1863 1102 1926 ouant
1223 1898 1227 1906 .

145 1959 380 2044 Philosopho,
422 1959 491 2028 sive
526 1961 686 2046 sapienti,
722 1960 775 2028 cul
803 1963 908 2029 solum
938 1962 1102 2049 cognitum

147 2094 231 2158 eat,
259 2097 409 2166 magnum
440 2099 502 2146 essa
531 2081 635 2148 solem.
687 2079 785 2168 Quod
811 2079 839 2145 si
871 2079 925 2146 ille
953 2083 1076 2170 sapiens
1090 2129 1104 2166 ,
1118 2075 1132 2156 ,’

147 2213 276 2280 quem,
299 2196 401 2278 qualis
421 2194 551 2264 futurus
580 2197 647 2280 sit,
675 2196 704 2262 si
723 2195 819 2264 modo
838 2197 1009 2280 aliquando
1030 2197 1102 2266 fne-

149 2315 223 2396 tlt,
252 2329 419 2397 exponant
438 2312 562 2396 Stoici,'
582 2313 675 2380 novit
703 2333 812 2380 causas
843 2333 946 2381 retum
976 2329 1104 2382 natura·

148 2431 259 2514 hom,
280 2431 368 2512 stit,
400 2449 464 2515 qua
487 2429 610 2499 tatione
637 2445 786 2498 constent
815 2430 986 2512 coelestia,
1019 2449 1101 2514 quae

147 2547 218 2616 illis
235 2547 281 2615 sit
297 2551 372 2631 vis3
393 2565 514 2632 quaeve
530 2549 666 2631 statuti,
688 2565 771 2632 quat
788 2565 883 2616 causa
907 2549 941 2615 in
968 2551 1100 2634 speculo

149 2665 308 2752 imagines
340 2663 514 2749 exprimat,
553 2664 582 2732 is
617 2665 787 2749 profecto,
817 2666 889 2734 sine
911 2667 1100 2736 Matheseos

149 2781 290 2868 peritis,
315 2781 476 2850 hancaibl
498 2782 713 2867 cognitionem
734 2801 801 2850 non
818 2785 1023 2870 comparavit.
1085 2827 1090 2840 ·

152 2931 159 2947 ·
194 2899 348 2984 Denique
368 2899 402 2966 in
425 2899 651 2984 investigandis
682 2899 780 2966 rebus
807 2901 1038 2984 namnetibus„
1054 2903 1102 2971 fa·

152 3033 250 3101 teor,
268 3015 428 3084 Mathonis
446 3015 670 3106 superficiaria
688 3017 819 3092 dicenda
839 3031 914 3100 est3
937 3020 993 3086 sed
1013 3021 1101 3103 qnod

149 3135 411 3206 Newtonus
447 3133 509 3220 (ι)
543 3136 583 3202 de
611 3133 796 3202 Geometnia
825 3131 858 3200 in
885 3135 1101 3232 descrihendis

154 3253 249 3322 lineis
286 3251 381 3320 rectis
417 3265 450 3319 et
488 3250 644 3333 circulis,
687 3253 769 3320 idem
806 3253 846 3320 de
875 3268 942 3321 tota
974 3254 1103 3323 Mathe·
1132 3255 1136 3262 ’

154 3372 183 3440 ai
214 3369 366 3438 affirmate
382 3387 578 3456 possumus:
603 3370 802 3452 Gloriatur,
823 3372 909 3460 qaod
931 3388 1000 3440 tam
1016 3391 1103 3462 pau·

153 3491 199 3560 cis
224 3489 394 3579 principiis
422 3486 553 3554 aliunde
577 3492 687 3577 petitis
716 3505 784 3556 tam
815 3492 920 3558 malta
944 3505 1099 3580 praestet.

154 3606 246 3693 Quid
276 3618 380 3674 antem
409 3603 635 3690 Philosophia!
680 3606 803 3674 nihilne
828 3606 868 3672 ab
895 3606 959 3674 alio
989 3607 1101 3690 petiti

156 3736 304 3792 totumne
331 3741 415 3809 opus
442 3741 461 3790 a
485 3725 558 3792 solo
582 3721 723 3792 excitati
753 3723 851 3812 Quod
872 3723 900 3791 si
917 3723 950 3794 id
970 3725 1032 3792 sibl
1053 3747 1104 3796 as·

1043 3865 1100 3913 su·

167 3943 231 4056 ’ili
252 3985 446 4063 Philosophiae
465 3986 607 4048 santam
624 3987 765 4062 Principia
781 3987 983 4070 Mathematici.
1013 3957 1102 4050 Pasa·

151 4081 228 4142 [alio.
451 4079 461 4100 ¹
