2924 4854
282 418 357 510 aas
499 417 1020 502 Raanznnonrrh.

280 613 415 692 auitam
451 613 493 688 A
520 631 571 690 est
606 611 664 706 B,
706 635 805 712 atque
842 619 975 694 nulium
1016 619 1053 696 B.
1096 643 1149 702 esa
1165 627 1227 713 ’4,
1310 668 1318 686 .

280 744 371 820 Cum
394 763 505 818 autem
530 767 599 818 non
630 743 825 837 definiatur,
858 751 945 846 quid
965 773 1022 826 ant
1056 772 1226 850 quantum

279 853 363 968 ipsis
385 895 565 948 commune
588 878 653 964 sit,
680 877 834 971 sphaerae
862 879 896 950 A
922 901 957 954 et
978 881 1028 966 Β,
1052 883 1140 957 salva
1167 889 1228 961 ve·

277 1003 373 1080 ritate
401 1007 661 1078 enunciationisa
701 1009 869 1082 nonnulla
901 1010 942 1085 A
960 1027 1044 1085 suat.
1066 1010 1118 1102 B,
1143 1035 1222 1108 pos-

278 1155 355 1209 sunt
389 1158 598 1236 congruere,
631 1154 669 1210 ut
695 1140 728 1209 in
761 1137 837 1235 Fige
866 1160 911 1230 43
944 1160 1003 1240 „aut
1032 1143 1223 1236 sphaerah

276 1285 391 1360 potest
412 1288 484 1353 esse
511 1266 638 1340 inclusa
663 1268 822 1361 sphaerae
854 1269 901 1356 ii,
935 1288 975 1342 ut
1002 1272 1036 1342 in
1061 1269 1139 1368 Fig.
1156 1273 1219 1362 .i.;

276 1414 335 1470 aut
367 1399 504 1489 sphaera
532 1395 657 1468 Besae
685 1397 811 1470 inclusa
833 1400 989 1492 sphaerae
1014 1400 1071 1486 Aa
1103 1419 1160 1474 ant
1188 1420 1223 1474 et

183 1505 190 1528 ⁵
276 1547 451 1602 commune
479 1545 513 1602 et
539 1528 711 1602 diversum
736 1528 825 1623 qaid
851 1509 970 1600 habere
1000 1549 1157 1624 possunt,
1181 1551 1220 1602 ur

276 1657 313 1729 in
349 1655 424 1752 Fige
467 1677 504 1750 3.
551 1657 625 1728 hlia
660 1677 786 1733 antem,
808 1679 862 1730 res
898 1678 973 1744 est,
1011 1662 1039 1730 si
1075 1663 1220 1747 dicitur,
1277 1735 1279 1740 .

277 1804 335 1860 aut
365 1785 585 1884 significatur:
621 1787 785 1860 nonnulla
818 1803 958 1860 tantum
984 1789 1024 1860 A
1045 1809 1130 1862 suat.
1164 1789 1221 1880 B;

275 1914 314 1986 id
338 1915 424 1984 enim
453 1911 550 1984 simul
580 1912 722 1999 indicat,
747 1935 814 1984 non
840 1917 952 1986 omnia
977 1918 1008 1988 A
1029 1937 1104 1987 esse
1129 1917 1168 1990 B.
1201 1975 1204 1982 .
1297 1952 1313 1966 -

324 2039 359 2111 d.
398 2013 581 2144 NonnaIIa
612 2041 650 2114 A
670 2065 737 2114 non
759 2061 840 2116 suat
873 2041 921 2130 B,
960 2043 1061 2142 (Figa
1089 2070 1134 2131 a,
1162 2043 1218 2141 3.)

277 2188 352 2244 ant:
377 2172 542 2246 nonnulla
557 2170 596 2243 A
611 2188 692 2244 sant
706 2171 835 2258 aonii,
852 2172 1039 2269 signifieat,
1061 2195 1135 2246 esse
1155 2177 1217 2248 sal·

279 2317 348 2372 tem
377 2299 519 2394 aliquam
550 2317 676 2392 partem
709 2301 865 2393 sphaerae
894 2305 1042 2374 no'tioms
1070 2303 1216 2378 Aexm

275 2432 448 2524 sphaeram
479 2432 628 2502 notionis
664 2429 713 2517 B,
762 2447 839 2516 aur,
889 2431 981 2526 qnod
1016 2431 1104 2506 idem
1144 2454 1216 2520 est,
1268 2498 1272 2504 .

277 2577 348 2632 esse
390 2557 514 2652 aliquid
556 2561 590 2630 in
641 2561 752 2652 priore
794 2560 953 2651 sphaera,
1004 2561 1098 2655 quod
1148 2582 1217 2636 non

275 2689 318 2762 sit
360 2690 395 2760 in
432 2689 614 2781 posteriore
656 2687 683 2758 Β
732 2685 919 2782 (nonnulla
960 2713 1026 2762 noa
1057 2681 1100 2762 B'
1132 2705 1214 2764 saar

274 2819 344 2910 A).
391 2814 526 2910 Quanta
554 2818 597 2886 sit
626 2815 708 2889 haec
745 2837 840 2909 pars,
878 2815 940 2890 hac
976 2819 1213 2916 enuneiatione

274 2967 344 3028 nnn
367 2946 537 3042 ¹definitur.
609 2943 723 3017 Potest
752 2944 843 3032 fieri,
890 2964 927 3017 ut
953 2946 1108 3040 sphaerae
1130 2944 1213 3020 nihil

272 3076 412 3152 habeant
443 3095 636 3161 commune,
677 3073 775 3171 (Figs
804 3072 871 3167 a.)
892 3073 975 3150 adeo
1006 3072 1208 3147 uenalium

274 3206 314 3279 A
337 3205 384 3280 sir
408 3203 442 3276 B
468 3222 621 3286 -aut,
653 3221 692 3274 ut
721 3202 892 3274 hinciusa
923 3204 966 3276 sie
998 3201 1207 3294 sphaeraeA

272 3334 411 3428 (omnia
426 3331 461 3404 B
475 3334 546 3406 sint
562 3331 631 3421 A).
665 3329 760 3403 Nota
774 3350 883 3408 antem
902 3329 1092 3404 universalis
1111 3329 1207 3423 hujus

271 3465 510 3538 enunciationis
535 3479 606 3548 est,
629 3478 666 3530 ut
685 3480 847 3555 repugnet
865 3463 1104 3536 enunciationi:
1139 3482 1208 3533 om,-

271 3594 336 3668 aia
358 3593 398 3665 A
420 3609 501 3665 sunt
520 3588 575 3680 B,·
598 3589 656 3662 sed
683 3592 710 3659 si
738 3589 876 3663 dicitur:
912 3592 1076 3666 nonnulla
1102 3593 1208 3690 salum

270 3723 310 3797 A
330 3744 394 3796 non
418 3739 498 3798 suat
519 3717 572 3804 B,
598 3719 631 3790 id
642 3718 786 3803 indicat,
811 3737 1004 3796 nonnosum.
1020 3720 1206 3816 sphaeram

268 3855 310 3928 Α
331 3873 398 3924 esse
420 3866 529 3924 caera
550 3848 734 3943 sphaeram
765 3849 811 3923 B.

275 4043 277 4050 .
319 3979 484 4075 Exempla
526 3978 640 4054 harum
676 3980 939 4054 enunciationem
979 3929 1208 4074 aequipollere

1122 4127 1204 4180 erum
