2896 4858
432 444 952 530 P‘noacoosrtcns'.
1083 453 1172 548 ‘279

213 647 407 726 divisiones
422 648 658 724 trichoromiae
670 666 704 720 et
723 647 945 722 secratomiae
961 653 1168 746 nequaquam

225 798 305 854 sunt
346 780 565 876 rejiciendae,
611 801 797 874 quanquam
845 799 888 850 ex
931 779 1168 870 conjunctione

224 911 353 1005 primae
376 909 563 982 divisionis
597 931 673 979 curn
708 908 931 980 subdivisione
955 927 1047 980 ortae
1077 924 1166 982 suns·
1204 975 1217 1000 ,

224 1039 419 1113 Cavendum
453 1061 564 1111 autern
600 1059 669 1121 esc,
696 1059 737 1108 ne
767 1035 894 1108 formae
919 1035 1166 1110 codivisionurn

224 1188 286 1243 aut
311 1171 396 1240 inter
421 1188 482 1256 se,
508 1188 569 1266 aur
590 1189 667 1238 cunr
696 1155 947 1238 divisionun'et
967 1163 1167 1237 subdivisio·

210 1319 303 1371 nunt
329 1298 445 1380 formis
469 1297 723 1372 confundantur.

271 1423 327 1498 Ex
357 1429 514 1496 continua
541 1425 701 1496 divisione
727 1443 767 1496 et
800 1425 1025 1497 subdivisione
1046 1427 1165 1516 sphae-

220 1575 276 1630 rae
299 1557 445 1627 notionis
477 1557 602 1656 exsistit
628 1551 764 1628 Tabula
783 1577 947 1652 generum
970 1575 1004 1626 er
1026 1552 1165 1652 forma·

218 1705 324 1772 rum,
353 1705 453 1778 quarn
482 1683 773 1776 classificarionem
807 1670 944 1773 dicunt,
978 1705 1034 1755 aut
1064 1701 1166 1778 tysis·

219 1835 303 1902 ma,
328 1816 415 1886 unin
440 1807 587 1886 Historia
615 1815 778 1886 Naturali.
805 1813 854 1886 Ita
875 1834 1050 1905 systemata
1071 1813 1166 1906 pinu·

217 1959 325 2016 tarutn
358 1963 598 2036 repraesentant
620 1921 785 2038 eiusmodi
810 1943 1006 2016 divisionem
1028 1963 1063 2014 et
1086 1943 1166 2013 sub·

218 2071 415 2144 divisionem
450 2075 600 2144 notionis
629 2074 803 2166 plantac3
849 2095 1022 2166 systemata
1053 2065 1164 2145 autem

218 2205 426 2286 animalium,
450 2205 597 2274 notionis
621 2207 802 2276 animalis.
841 2203 961 2275 Omnis
987 2223 1096 2275 autem
1113 2200 1163 2272 di·

217 2333 304 2404 visio
333 2331 373 2401 ad
396 2330 517 2415 tinen,
557 2351 658 2425 quern
688 2334 1069 2428 nobis'proposaintus,
1109 2353 1167 2408 aa·

218 2461 427 2560 commodata
454 2481 525 2531 esse
551 2459 673 2542 debet,
699 2482 807 2554 neque
829 2463 965 2534 ulterius
987 2462 1164 2556 progredi,

214 2611 316 2687 quarn
355 2611 531 2684 quousque
573 2589 605 2660 id
645 2593 863 2662 necessarium
900 2611 956 2663 aut
992 2591 1073 2663 urile
1108 2594 1162 2664 sit.

208 2721 333 2797 Nimia
349 2721 486 2806 divisio,
513 2740 577 2813 qua
601 2717 723 2800 frusta,
748 2742 814 2791 nou
831 2701 939 2812 partes
963 2741 1164 2810 nascuntur,

214 2855 418 2927 uitiosaest.
447 2851 501 2934 De
524 2871 589 2942 qua
612 2870 701 2920 recte
718 2850 883 2920 Seneca
908 2848 996 2942 (t):
1021 2899 1046 2938 ,‚
1072 2849 1163 2924 Phi·

207 3029 242 3072 „
255 2979 450 3073 seraphiam
477 2980 678 3071 inpurus,
704 3001 770 3050 non
792 2979 829 3050 in
845 2977 971 3073 scurra
995 2979 1163 3053 dividam.

213 3107 395 3201 „Dividi
427 3109 518 3180 enirn
558 3103 680 3192 illam,
722 3131 788 3180 non
824 3109 955 3182 concidi
990 3109 1077 3182 urile
1099 3126 1164 3183 css.

215 3289 242 3331 „
266 3239 367 3312 Nam
380 3235 663 3330 comprehendere
675 3239 971 3332 ‚quemadmodum
986 3239 1166 3327 maxima,

205 3415 241 3460 4,
267 3371 322 3443 ica
336 3367 491 3439 rninr'ma
514 3363 650 3462 dsfficilc
677 3384 739 3440 esc.
789 3367 1016 3442 Describitur
1039 3370 1078 3440 in
1097 3371 1165 3441 tri·

146 3539 155 3558 ·
214 3548 243 3591 „
268 3499 330 3571 bur
352 3499 518 3592 populas,
553 3497 591 3568 irs
622 3501 800 3576 centurias
817 3499 1001 3572 exercitur.
1054 3492 1165 3592 Quid·

209 3680 241 3720 „
265 3629 351 3726 quid
371 3629 410 3701 in
429 3627 543 3720 majus
567 3629 696 3714 crerir,
716 3625 864 3724 facilius
890 3627 1105 3726 agnoscitur,
1130 3625 1163 3700 s'i
1188 3699 1190 3708 Α

212 3807 242 3852 ,,
267 3759 418 3836 discessit
438 3758 645 3852 inpactos:
682 3778 768 3852 quas
798 3756 1066 3830 innumerabiles
1096 3761 1171 3828 etse.

1079 3937 1104 3974 ,‚
1129 3903 1165 3958 er

246 4033 463 4118 turmo
559 4070 563 4079 -
639 3971 645 3986 ’
