2878 4860
327 467 398 542 ςμ
551 438 1077 542 Puotnoomsun

330 637 491 714 tnatibust
506 635 700 709 Matheseos
729 653 828 728 purae
854 633 991 727 plenum
1022 656 1057 709 et
1084 633 1279 732 perfectus

333 786 499 840 assensum
523 765 709 836 tribuimus.
758 763 948 838 Absurdunt
972 784 1083 840 autem
1102 766 1194 840 fotet
1214 767 1280 854 iis',

333 917 420 993 quae
452 895 676 967 demonstrata
711 914 805 978 sunt,
845 895 1005 990 majorem
1038 913 1211 970 assensum
1241 913 1280 974 et

331 1025 559 1098 auctoritatem
587 1023 750 1108 tribuere,
768 1043 867 1118 quam
892 1025 974 1117 ipsis
997 1023 1113 1118 primis
1129 1027 1279 1098 veritati·

333 1157 423 1242 bus,
446 1154 573 1248 quibus
594 1150 755 1240 sublatis,
780 1151 871 1224 nuile
900 1156 1038 1226 omnino
1062 1157 1183 1226 vetius
1215 1155 1279 1226 de·

334 1285 571 1358 monstratione
596 1285 757 1380 cognosci
782 1285 890 1376 possit
913 1279 997 1378 (t).
1273 1363 1277 1368 ,

336 1447 348 1470 ι·
383 1432 418 1508 5.
449 1409 584 1508 Quinta
610 1415 678 1488 veti
699 1432 803 1498 nota,
829 1431 915 1506 quae
939 1427 1139 1506 quamquam
1164 1412 1275 1484 mino·

334 1563 426 1627 rent,
448 1562 560 1614 tamen
587 1561 687 1637 saepe
719 1541 938 1613 finnissitnutn
961 1561 1126 1612 assensum
1148 1539 1275 1626 efficit,

333 1691 433 1766 utque
456 1692 589 1746 omnem
617 1670 658 1742 de
679 1689 713 1740 te
739 1668 978 1740 dubitationem
1002 1689 1138 1762 prorsus
1162 1669 1274 1754 tollit,

223 1815 228 1822 '
297 1867 300 1878 ,
334 1822 389 1873 est
413 1799 600 1876 harmonia
626 1799 698 1873 siue
716 1791 893 1870 consensus
920 1814 1113 1874 nostrorum
1142 1800 1272 1897 cogt'ta·

333 1947 492 2003 torum..
537 1925 620 2021 Quo
660 1927 765 2020 magis
797 1945 907 2015 nostra
937 1927 1083 2022 cogitata
1114 1927 1201 1997 inter
1235 1945 1271 1997 se

333 2055 469 2128 vinculo
502 2054 759 2150 consequentiae
783 2074 860 2148 apte
885 2055 1080 2144 cohaeoent,
1105 2077 1176 2150 quo
1203 2076 1273 2126 ma·

330 2187 388 2278 jor
411 2203 600 2256 esseorum
628 2185 749 2276 copia,
774 2205 846 2278 quo
869 2184 979 2278 plures
1003 2189 1270 2271 summitates,

330 2313 455 2408 quibus
484 2315 714 2399 consentiunt,
747 2313 931 2386 dummodo
957 2313 1039 2384 nulli
1064 2333 1271 2412 repugnent,

328 2465 377 2518 co
404 2446 510 2540 tnagis
537 2442 579 2514 ad
603 2417 705 2514 fidem
730 2443 811 2536 ipsis
847 2418 1029 2516 habendam
1050 2429 1270 2546 impellimus.

333 2573 515 2648 Universe=
524 2572 692 2666 quaelibet
713 2572 902 2644 enunciatio
923 2593 965 2644 eo
996 2574 1100 2666 magis
1125 2592 1162 2660 se
1182 2593 1274 2644 cont·

332 2701 489 2788 meodnt,
539 2722 612 2796 quo
645 2701 752 2796 magis
782 2703 949 2772 consentit
979 2721 1058 2778 ¹cunt
1087 2699 1182 2789 aliis,
1230 2699 1272 2774 de

334 2851 473 2926 quum
489 2832 625 2902 verimte
641 2828 768 2900 nullum
789 2847 839 2899 est
862 2828 1016 2901 dubium.
1065 2827 1118 2900 lta
1133 2831 1169 2900 in
1186 2829 1271 2922 Phy-

337 2962 416 3034 sicis
444 2981 532 3056 quae
555 2933 723 3032 dicuntur¹
742 2958 975 3050 Hypotheses,
999 2979 1041 3031 eo
1067 2959 1273 3052 probabilio-

206 3185 214 3200 .
335 3113 389 3166 tes
416 3089 643 3174 notumne,
682 3109 753 3184 quo
775 3087 880 3182 major
907 3107 958 3159 est
990 3107 1147 3162 numerus
1176 3090 1274 3182 phae-

335 3238 577 3305 nomenorutn,
616 3237 701 3311 quae
732 3237 775 3288 ex
810 3216 876 3288 illis
901 3217 994 3311 Juste
1022 3235 1057 3290 et
1083 3217 1185 3312 plene
1217 3239 1272 3292 ex·
1312 3305 1313 3308 p

334 3337 523 3442 plicanntr,
563 3344 746 3418 dummodo
777 3344 862 3417 nihil
887 3367 1025 3433 eorum,
1057 3345 1099 3418 de
1129 3369 1272 3442 quonam

336 3477 474 3550 ueritate
511 3473 611 3548 nobis
654 3492 814 3562 constat,
842 3467 944 3569 'ipsis
986 3475 1156 3556 diumtiat
1173 3525 1179 3536 ·
1194 3477 1272 3572 (a)

248 3691 253 3700 ¹
337 3604 435 3712 Haec
457 3604 561 3700 igitur
579 3604 652 3679 veri
675 3621 774 3694 notu,
798 3605 904 3700 petito
926 3623 969 3679 ex
993 3595 1158 3681 consensu
1175 3627 1277 3680 enun-

421 3751 426 3763 .
1210 3738 1275 3812 ὠ,

373 3909 416 3980 (ι)
433 3905 548 3962 Confer.
560 3921 591 3976 p·
608 3905 669 3961 282.

373 4005 415 4080 (θ)
436 4007 551 4073 comp.
568 4022 598 4080 t·
616 4005 678 4080 ⁵⁰9
