2896 4858
419 477 961 550 Pnounuonenn
1084 495 1158 563 4η

220 695 289 746 non
325 673 510 768 pertinent,
559 688 597 744 ut
642 672 689 743 rei
719 672 879 768 cogitatio
909 689 977 741 non
1004 669 1163 764 impedia-

220 821 284 876 tur.
351 801 429 872 Sine
465 800 527 872 hac
565 802 746 872 attentione
773 802 873 872 animi
905 797 996 871 nulla
1024 817 1075 870 est
1098 818 1160 871 no·

133 1029 136 1037 ¹
220 935 350 1002 tionum
384 929 552 1002 formatio.

270 1061 324 1132 Ex
357 1042 541 1152 irreperet,
564 1060 792 1154 cognitionem
824 1056 998 1153 humanam
1025 1067 1069 1126 eo
1087 1075 1163 1128 tna·

211 1193 274 1286 pia
302 1209 376 1260 esse
411 1187 612 1281 perfectam,
654 1207 724 1280 quo
760 1189 864 1280 magis
893 1185 1061 1277 perfectae
1088 1203 1165 1256 sunt

221 1317 428 1391 definitiones
457 1337 590 1404 rerum,
627 1314 943 1401 demonstrationes,
966 1313 1168 1397 divisiones,

221 1453 321 1521 series
354 1467 512 1544 genemm
539 1467 574 1516 et
602 1446 803 1525 formarum,
843 1445 1093 1537 ‚principiorum
1118 1461 1167 1518 ,et

224 1579 523 1672 consequentium,
570 1595 743 1647 causarum
769 1595 804 1644 et
836 1572 1043 1659 effectuum,
1082 1591 1169 1668 quae

223 1708 466 1806 cogitationum
483 1705 775 1800 perspicuitatem,
793 1705 960 1776 veritatem
971 1751 984 1789 ,
995 1701 1169 1787 ordinem,

227 1855 327 1930 atque
349 1855 494 1921 nexum,
514 1832 679 1906 declarant
707 1831 787 1928 (r).
835 1831 973 1928 Quare,
997 1853 1068 1926 quo
1095 1851 1172 1925 per·

226 1963 364 2038 scetiora
399 1964 481 2036 haec
520 1962 642 2038 fuerint
681 1964 713 2034 in
743 1961 852 2056 aliqua
886 1962 1088 2062 disciplina,
1127 1981 1172 2033 eo

227 2093 409 2188 perfectior
436 2095 499 2165 erit
529 2094 620 2186 ipsa,
644 2111 745 2188 atque
764 2093 919 2165 scientiae
941 2073 1172 2188 nomine'dig·

211 2225 314 2295 nior.
359 2221 429 2295 Has
448 2223 605 2293 scientiae
630 2224 792 2308 virtutes,
819 2243 901 2316 quus
924 2221 1024 2295 docet
1042 2217 1175 2319 Logica

229 2371 287 2423 seu
312 2349 534 2434 Druentia,
561 2353 691 2444 optime
710 2324 866 2424 describit
888 2349 1056 2424 Cicero
1077 2347 1176 2444 (a),

205 2515 216 2584 .'
230 2480 389 2572 exemplo
422 2477 575 2554 desumto
605 2503 624 2554 a
652 2480 748 2575 juris
767 2483 922 2552 scientiar
957 2479 1066 2568 „Sic
1093 2485 1179 2554 exis·

228 2659 256 2703 „
281 2608 420 2695 timo,”
443 2611 511 2694 ait,
543 2656 571 2697 „
591 2609 674 2706 juris
697 2609 806 2682 civilis
831 2631 988 2706 magnum
1020 2628 1177 2682 resumet

228 2739 369 2836 „apud
396 2737 593 2812 Scaeuolam
623 2758 657 2809 et
679 2736 769 2832 apud
800 2738 922 2810 multos
951 2737 1071 2810 fuisse:
1112 2759 1180 2810 ar·

216 2905 256 2960 *„
280 2887 348 2946 rent
376 2871 409 2973 ip
432 2867 500 2941 hoc
525 2889 596 2940 uno
623 2865 847 2962 (Scaevoia)
886 2865 980 2960 quod
1011 2885 1179 2959 nunquam

230 3047 259 3086 „
283 2993 446 3069 effecisset
472 2997 577 3090 ipsius
600 2993 683 3089 juris
708 2995 863 3082 scientia,
902 2995 965 3064 nisi
986 3015 1059 3065 eam
1085 3015 1180 3088 prae·
1285 3027 1291 3036 ·

231 3117 264 3218 ·„'
284 3145 373 3200 terea
396 3123 564 3197 didicisset
588 3141 711 3208 artem,
735 3143 820 3218 quae
843 3123 983 3196 doceret
1002 3143 1073 3194 rem
1107 3105 1180 3194 urri-

218 3267 263 3345 2„
287 3272 416 3327 versam
441 3251 585 3324 tribuere
610 3253 645 3322 in
673 3271 803 3347 partes,
828 3251 985 3325 latentem
1014 3251 1181 3346 explicate

235 3433 263 3474 „
287 3379 498 3467 definiendo,
547 3381 724 3454 obscuram
759 3381 936 3476 explanare
967 3385 1183 3476 interpretan-

224 3555 264 3610 ·„
277 3514 354 3588 dot
386 3511 546 3608 ambigua
577 3514 723 3604 primum
744 3509 877 3594 ridere,
918 3507 1036 3583 deinde
1050 3531 1054 3544 ¹
1068 3507 1182 3581 distiti·

223 3682 264 3737 ·„
289 3661 413 3742 gnere,
446 3659 620 3737 postremo
646 3640 767 3714 habere
801 3639 968 3736 reguiam,
1002 3661 1068 3734 que
1102 3659 1180 3712 vcta

195 3791 225 3828 ‘⁰
1102 3817 1129 3857 ar
1152 3787 1187 3838 θῑ

225 3927 231 3934 Ι
280 3963 322 4032 (ι)
341 3961 455 4020 Confer.
474 3977 503 4028 p·
520 3961 581 4032 367·
600 3975 679 4030 seqq.

229 4062 234 4075 '
278 4059 500 4133 (ailruiurir.
536 4055 539 4065 '
