2938 4856
318 461 391 539 mo
535 435 1064 518 Pnouroomsnm

363 634 402 708 ln
429 635 481 708 his
502 631 712 730 Syllogismis
732 661 758 708 a
782 653 816 707 er
839 631 871 729 β
894 657 1033 731 possunt
1061 657 1137 710 esse
1164 653 1279 714 enun-

312 768 473 858 cirriones
504 780 688 862 negantes,
729 766 872 859 quodsi
900 766 959 856 fir,
999 769 1186 842 conclusio
1213 771 1277 842 fio

312 899 343 972 ri
367 916 477 992 potest
504 917 633 992 negans
653 871 686 966 io
711 895 814 968 modo
842 916 1009 992 ponente,
1031 916 1133 992 atque
1154 896 1278 998 adfir-

249 1035 252 1042 '
311 1045 413 1100 mans
438 1024 474 1096 in
503 1023 606 1096 morlo
635 1022 782 1096 tollente.
840 1023 891 1097 Itu
914 1025 942 1095 si
969 1027 1165 1098 enunciario
1195 1045 1272 1098 est:

312 1155 345 1232 ri
365 1178 391 1226 o
410 1177 476 1227 non
497 1169 568 1239 est,
592 1147 623 1246 β
649 1167 718 1241 err,
742 1151 918 1226 conclusio
941 1173 993 1225 est
1019 1153 1207 1226 adfirmans
1235 1155 1272 1226 in

310 1303 453 1379 utroque
479 1282 604 1370 modo;
638 1283 695 1356 sed
718 1283 978 1355 enunciationisr
1019 1283 1049 1354 ri
1074 1308 1099 1354 rr
1128 1300 1211 1371 err,
1238 1276 1272 1375 β

311 1435 379 1494 non
398 1432 468 1500 err,
492 1411 668 1490 conclusio
694 1385 728 1484 in
751 1431 895 1506 utroque
914 1411 1018 1485 modo
1042 1433 1094 1486 est
1114 1433 1264 1508 negans.

360 1539 528 1617 Altemror
554 1543 712 1612 terminus
738 1548 761 1610 Α
785 1561 891 1634 aurp
920 1560 1032 1634 potest
1060 1561 1133 1614 esse
1155 1561 1271 1614 enun-

311 1675 413 1750 cistio
430 1674 628 1769 disjunctas
647 1667 737 1742 unde
761 1667 1007 1766 Syllogismusr

313 1800 433 1898 μοι
448 1800 594 1897 Syllog.r
620 1801 647 1870 si
667 1815 780 1872 verum
800 1818 871 1872 ests
896 1800 1047 1895 yort‚ri
1058 1816 1267 1890 autrr‚aur

616 1925 1263 2028 {lammoneantur,autsserttyrrr.

336 2049 338 2062 '
362 2055 539 2133 Praemisso
555 2059 661 2154 prior:
686 2073 802 2155 pest,
827 2061 858 2133 ri
875 2077 940 2133 aut
957 2083 1006 2147 a,
1022 2075 1086 2132 aur
1103 2055 1212 2154 βεεν.
1313 2127 1320 2141 ,

361 2235 374 2265 .
423 2239 433 2262 .
471 2191 665 2285 'posteriorr
690 2188 748 2261 sed
764 2206 830 2264 aut
847 2215 872 2261 a
882 2237 894 2277 ,
914 2207 979 2264 aur
994 2185 1025 2282 β
1042 2205 1104 2262 err.

455 2317 664 2392 Conclusio:
689 2339 815 2415 ergop
835 2335 899 2392 err·

360 2449 399 2525 si
421 2451 604 2541 praemissis
626 2445 904 2544 syllogismorum
925 2466 1015 2520 merc
1036 2445 1265 2543 Categorico·

235 2675 242 2690 α
312 2601 387 2656 rum
406 2579 534 2653 additur
560 2577 730 2664 conditio,
756 2581 908 2650 oriuntur
924 2575 1119 2674 Syllogismi
1138 2573 1267 2671 Hypo·

246 2707 797 2816 ⁴thericilmjusformaer·
1144 2715 1149 2722 '

310 2864 345 2938 4.
370 2837 445 2918 Lex
454 2837 605 2935 synago
629 2838 660 2912 ri
689 2837 806 2912 omnia
826 2815 877 2911 'M
896 2855 979 2913 runr
1001 2836 1048 2923 P,
1077 2853 1261 2931 verumque

695 2987 765 3044 est:
781 2969 813 3041 si
822 2983 921 3055 aest,
935 2968 1052 3047 omnia
1066 2961 1259 3051 SruntM,

691 3117 806 3172 vemm
827 3098 896 3171 esti
916 3099 947 3172 si
965 3123 991 3170 rr
1005 3113 1074 3186 err,
1097 3093 1259 3173 omnia-S

690 3225 838 3301 mmfl

358 3357 538 3432 Pmemisso
553 3359 661 3452 prior:
686 3356 717 3429 ri
741 3381 766 3427 n
789 3371 860 3443 err,
884 3357 1001 3430 omnia
1019 3353 1046 3429 S
1068 3373 1151 3431 rum
1170 3355 1231 3432 M.

358 3537 369 3560 .
418 3537 430 3560 .
480 3487 663 3582 posterior:
690 3487 748 3558 sed
775 3486 892 3560 omnia
917 3486 969 3560 M
986 3503 1066 3564 suns
1091 3487 1133 3562 P.

457 3614 663 3690 Conclusior
687 3634 769 3710 ergo
784 3613 847 3688 sin
858 3631 929 3703 err,
946 3616 1064 3688 omnia
1081 3611 1109 3686 S
1119 3633 1200 3692 runt
1208 3615 1252 3690 Ρ.

259 3727 263 3736 ’
306 3762 406 3838 atque
427 3739 663 3850 susurretur.

355 3871 462 3955 lidem
484 3872 655 3957 oriuntur,
680 3873 707 3943 si
733 3869 884 3945 conditio
908 3858 1036 3948 r'rlrlimr
1060 3873 1248 3965 praemissis
1307 3961 1315 3980 ·

305 3991 582 4099 syllogismorum
608 4001 843 4096 disiunctorum
854 4049 868 4091 ‚
894 3997 1018 4072 veluti:
1290 4085 1293 4094 1

1124 4145 1159 4222 S'·
1172 4126 1246 4202 Lex
