2852 4874
428 419 971 514 ..Pnonncotrerrn
1144 465 1187 538 ,3

246 634 403 726 periotes.
460 633 623 708 Summae
655 635 756 730 igitur
790 637 918 722 notioni
943 636 1083 708 maxima
1108 656 1182 710 ont·

244 763 335 832 nium
350 781 401 832 est
419 763 556 856 sphaera
567 811 580 850 ,
611 783 709 857 ttque
740 735 912 838 nisinun
940 753 1181 859 argumentum.

243 887 337 962 Htec
367 911 420 964 est
451 895 548 964 notio
572 891 677 968 Entt's
705 895 776 965 sire
804 893 973 988 alicujus,
995 915 1062 988 qut
1093 901 1180 966 voce

240 1037 311 1090 non
334 1020 442 1092 solunt
467 1021 627 1094 indicatur
648 1019 884 1116 quodcumque
901 1039 969 1108 est,
995 1019 1052 1091 sed
1076 1022 1175 1092 etiisr

240 1149 475 1243 qnodcnrnqne
498 1171 564 1222 non
587 1169 656 1235 ert,
680 1149 862 1226 dnmmodo
890 1150 1028 1246 cogitari
1056 1153 1176 1242 possin

240 1275 298 1352 Ad
323 1273 482 1376 infimam
513 1296 622 1350 tntetn
661 1281 830 1350 notionem
877 1275 1072 1366 descendere
1109 1299 1177 1350 non

227 1409 632 1502 ·posn1mus,·qnontrm
671 1407 750 1478 huic
789 1405 951 1478 infinitum
989 1426 1040 1478 est
1081 1427 1178 1504 argn-

223 1553 402 1607 tnenttrm.
475 1535 556 1610 Dici
579 1553 691 1610 nutem
717 1553 850 1630 potest,
873 1557 944 1632 quo
969 1535 1104 1608 inferior
1132 1536 1176 1605 sit

238 1665 358 1751 notio,
389 1682 433 1736 eo
467 1665 571 1760 tnagis
601 1683 672 1736 erm
702 1665 859 1736 accedere
885 1664 931 1736 td
965 1663 1070 1736 ideam
1106 1665 1175 1736 sive

223 1794 566 1886 septemtrionem
590 1793 646 1868 rei
667 1793 872 1891 singularis,

254 1920 381 1996 'nnec
414 1925 535 1994 mentis
570 1923 680 2009 ectio,
725 1941 810 2020 qute
842 1923 996 1994 notiones
1030 1921 1171 2012 fornae,

224 2053 641 2146 ·qutrumetitn1nomine
667 2071 746 2136 tes,
779 2052 859 2144 ipsis
891 2051 1078 2144 subjectae,
1112 2059 1172 2144 tp·

237 2180 420 2274 pellantur,
445 2199 510 2252 tem
532 2181 597 2254 iste
625 2199 715 2271 patet
727 2229 740 2268 ,
772 2199 809 2250 ut
830 2181 902 2251 sine
923 2179 986 2252 ilie
1007 2178 1089 2251 nihil
1107 2181 1172 2274 ju·

235 2309 336 2382 dicati
364 2328 420 2382 aut
450 2307 606 2380 concludi
637 2311 762 2401 possit,
800 2327 919 2404 atque,
953 2329 1030 2380 curn
1058 2311 1170 2381 omnia
1281 2367 1282 2372 ,

224 2439 366 2538 iingnte
393 2427 574 2536 tenebris,
599 2441 713 2532 paucis
732 2441 902 2531 exceptis,
931 2439 1085 2526 notiones
1108 2436 1171 2507 de·

233 2573 384 2666 signent,
416 2571 487 2661 ipse
513 2566 690 2661 eloquendi
714 2569 763 2638 vis
787 2565 973 2660 praeclara,
998 2587 1083 2661 qute
1096 2564 1169 2636 data

232 2711 284 2772 est
310 2695 459 2784 homini,
487 2698 624 2768 otnnino
648 2695 735 2766 nulia
764 2697 819 2767 sit.
890 2693 1048 2768 Cernitur
1085 2693 1167 2766 inec

222 2819 325 2898 ltetin
358 2828 392 2898 in
426 2841 494 2898 tons
528 2822 676 2900 Historia
702 2822 876 2910 Naturali,
915 2843 998 2918 quae
1024 2831 1196 2916 corpore.

220 2956 266 3026 ¹itr
292 2953 432 3038 classes,
460 2971 579 3048 genere
606 2971 639 3022 et
663 2953 789 3042 species
821 2951 966 3041 partitur.
1041 2945 1170 3041 Cujus·

222 3081 314 3154 'iiber
338 3083 437 3152 etism
461 3083 508 3152 rei
523 3077 670 3151 definitio
692 3080 725 3148 in
743 3075 924 3150 indicandis
944 3079 1053 3163 notis,
1084 3094 1168 3168 quse

217 3211 358 3282 :notioni
380 3211 506 3295 insunt,
552 3202 724 3292 consistit,
758 3225 855 3300 etque
887 3207 983 3278 notio
1003 3206 1088 3298 ipss
1104 3187 1106 3193 ’
1120 3222 1169 3273 est

220 3339 422 3412 nttribtitum
441 3355 496 3408 aut
522 3351 600 3409 nott
623 3335 770 3407 dmniurn
807 3356 944 3421 rerunt,
977 3354 1062 3428 quae
1096 3331 1168 3426 ejus

218 3461 397 3558 spna'eran
422 3466 637 3540 consciarum.
