2896 4858
417 429 585 502 Ρκιιι,
612 443 726 500 too
749 451 779 502 ιι
807 447 882 505 nn
903 419 941 506 ri
1085 425 1159 532 '193'

211 641 489 709 neocosmum,
520 625 587 696 boc
616 626 692 716 ipso
724 615 1054 713 demonstrat,''ertnr
1075 638 1158 702 -erie

201 765 310 848 posse.
375 751 499 848 Neque
525 753 626 824 etiam
660 756 768 850 agitur
800 755 841 826 de
871 741 1073 852 designando
1099 774 1156 832 aut

209 881 377 954 metiendo
391 881 515 978 angulo
536 903 597 975 pet
610 882 744 976 aliquod
768 885 1040 974 instrumentum,
1063 883 1175 980 quod¹
1265 957 1270 964 ,

207 1033 294 1103 opus
329 1031 461 1104 semper
492 1007 727 1101 imperfectum
767 1030 839 1081 esse
872 1010 992 1096 debet,
1026 1013 1084 1085 sed
1112 1015 1174 1090 ιβ’

204 1141 338 1214 notione
365 1140 439 1212 reia
464 1137 569 1232 nujus
599 1139 735 1235 anguli.
782 1136 892 1234 ¹Quod
918 1139 997 1212 huic
1022 1141 1155 1214 notioni

206 1271 383 1355 convenit,
432 1269 466 1338 id
500 1269 616 1360 arripit
661 1267 876 1364 intelligentia
914 1289 956 1340 ex
987 1273 1154 1366 imaginet

204 1419 304 1492 quarn
321 1421 325 1429 ·
344 1397 480 1490 praebet
517 1399 706 1493 imaginatio
737 1418 796 1469 aut
831 1417 944 1468 sensus
974 1417 1154 1488 extemua,¹

202 1546 302 1622 atque
330 1527 376 1596 ita
410 1528 444 1597 in
473 1528 676 1620 imaginibus
700 1525 736 1598 id
759 1546 910 1620 spectat,
947 1528 1040 1622 quod
1074 1549 1153 1602 vero

203 1677 255 1728 est
276 1656 339 1748 (nit
373 1654 453 1748 iv),
479 1657 562 1750 (t).
624 1655 733 1752 Quod
754 1656 843 1728 idem
874 1656 941 1729 dici
964 1661 1080 1752 nequit
1108 1657 1168 1731 ἀει

203 1787 494 1872 enuntiationibus
521 1805 556 1856 et
583 1785 823 1888 divisionibus,
864 1785 1156 1881 quaerelam-1

200 1919 357 2014 ceptione
385 1937 540 1988 ιειιιιιιιιιι
564 1918 734 2002 nituntur,
767 1935 867 2012 atque
900 1889 1145 2014 cognoscendis
1218 1963 1221 1970 ·

198 2067 234 2118 et
266 2045 503 2142 distinguendis
536 2066 644 2117 rerum
670 2045 870 2118 naturalium
899 2047 1076 2142 generibus
1110 2062 1151 2120 et³

197 2175 315 2250 fonnis
338 2176 526 2280 inserviunt.
577 2173 617 2246 ln
644 2174 696 2246 his
720 2195 828 2253 tannen
853 2177 1051 2269 quantitates
1071 2179 1155 2249 tum·

197 2307 382 2376 extensinas
411 2324 481 2375 tum
513 2307 709 2387 intensione,
751 2307 850 2398 quasi
874 2300 1040 2398 populati.
1061 2327 1152 2401 qus-2

196 2435 271 2510 dam
303 2435 421 2508 mutina
457 2433 640 2527 ponderare
671 2433 836 2516 solemus,
875 2433 960 2506 adeo
987 2454 1026 2506 ut
1051 2433 1157 2508 orne-z

195 2565 354 2654 rentiam,
379 2582 463 2658 quae
492 2563 539 2634 ob
567 2564 757 2655 parvitatem
779 2564 835 2636 vix
854 2563 1004 2636 sensibus
1031 2567 1157 2658 peren·

194 2697 303 2790 pitur.
329 2713 392 2785 pro
416 2689 507 2776 nulla
532 2691 726 2762 habeamus.
756 2689 827 2782 (o)
905 2771 909 2780 ¹
1153 2721 1159 2752 ι

240 2821 281 2896 ,6.
306 2821 412 2920 Quod
433 2820 474 2891 de
497 2793 612 2906 tentia,
636 2822 723 2892 idem
741 2820 809 2892 fene
831 2819 872 2891 de
897 2825 1013 2915 quinta
1036 2843 1156 2896 enon·-

193 2953 337 3026 ciatione
367 2951 528 3022 adfirmari
560 2969 692 3043 potest,
732 2949 790 3020 ubi
816 2947 1065 3023 fundamentum
1091 2951 1158 3023 dir·

191 3081 329 3153 visionis
343 3097 395 3150 est
414 3079 666 3150 concrescentia
687 3077 885 3151 staminum.
934 3076 1027 3151 llaec
1050 3081 1161 3170 enirm

191 3208 440 3283 concrescentia
466 3207 563 3280 ratiis
594 3204 751 3302 gradibus
780 3225 851 3278 esse
876 3225 1007 3302 potest,
1029 3209 1074 3278 ita
1099 3223 1160 3281 ur.

1104 3361 1156 3409 rn=

224 3598 268 3672 (ι)
287 3595 400 3652 Confer.
417 3613 447 3665 p.
463 3596 509 3668 74.
1152 3627 1159 3658 ‚
1212 3573 1216 3586 ’

224 3699 266 3771 (a)
286 3697 451 3752 conletatur
478 3691 616 3750 Loeke:
647 3692 681 3746 de
710 3689 858 3748 Intellecta
873 3688 991 3744 humano
1018 3685 1084 3742 Lib·
1103 3687 1154 3770 ir..⁸

186 3797 222 3853 C.
238 3800 265 3854 6.
293 3799 327 3853 de
353 3795 511 3852 nominibus
531 3793 785 3856 Sobrrmtiorum,
803 3797 886 3860 atque
903 3785 1130 3852 insiliendi,
1154 3781 1161 3800 '

186 3899 345 3952 noeoeane
383 3899 473 3954 erede
503 3915 553 3952 rur
584 3893 804 3950 subtendente-nr
839 3893 973 3957 humeln,
1008 3909 1036 3962 p.
1070 3881 1163 3950 ani-³.

188 4009 273 4068 unn-
329 3991 370 4046 τ’
415 4071 417 4077 ,
846 4009 848 4014 ·
1054 4041 1061 4060 .
1083 4047 1087 4058 ,
1109 4011 1162 4060 ι
