2938 4856
310 469 385 564 pap
525 444 1065 540 Pnotaoont-ntoua·

312 651 509 732 statuentes,
530 655 669 730 nequet
687 640 928 736 propositione,
951 639 1113 731 neqnelab
1126 657 1273 738 assunt-⁸

293 741 403 822 'tione
428 755 672 839 approbationes
703 778 808 825 earum
836 760 970 844 separari
997 773 1167 843 oportere,
1206 775 1273 826 ne·

313 891 378 958 que
404 873 657 956 propositionem
686 873 884 956 absolutam,
906 892 1010 958 neque
1035 873 1270 962 assumtionem

314 986 484 1075 perfectam
507 1010 602 1082 esse,
635 1011 716 1076 quae
735 987 965 1078 approbatione
989 991 1173 1092 confirmata
1192 1007 1270 1080 non

319 1109 415 1176 esset.

360 1355 395 1460 3
417 1354 476 1452 63.
499 1355 559 1431 De
576 1355 701 1456 forma
726 1357 973 1434 Grammatico
996 1344 1266 1456 Syllogt'smo·

614 1509 696 1561 rum
716 1490 967 1584 praecisorum.
1180 1507 1182 1512 ·
1257 1496 1263 1512 '

317 1731 548 1847 Antequam
576 1744 618 1816 de
650 1745 786 1818 diversis
821 1744 1092 1851 Polysyliogismi
1131 1733 1263 1854 generi-¹

314 1872 380 1946 bus
403 1893 553 1970 agamus,
577 1874 702 1970 aliquid
725 1875 901 1948 dicendum
922 1877 1050 1948 videtur
1066 1875 1107 1948 de
1127 1863 1262 2002 tundis,⁸

315 2003 463 2096 quibus
454 2024 487 2074 m
511 2021 662 2075 sermone
679 2003 873 2101 Syllogismi
889 2027 1073 2098 eorumque
1087 2024 1194 2100 partes
1207 2006 1261 2078 in·

312 2129 415 2205 dicati
441 2131 573 2224 solent,
597 2135 655 2228 qtii
678 2107 857 2220 admodum
880 2151 970 2246 suntj¹
985 2133 1115 2204 diversi.
1153 2131 1259 2206 'Prae-

311 2263 405 2364 cipui
435 2281 544 2360 autem
570 2261 685 2350 modi,
702 2265 825 2358 quibus
856 2263 966 2336 Latini
997 2265 1045 2334 uti
1068 2260 1198 2348 solent,
1224 2249 1261 2348 bi

310 2387 380 2464 fere
406 2409 493 2464 suut.

322 2505 327 2514 ’
363 2540 396 2592 1·
434 2511 682 2598 Conclusionem
709 2523 868 2618 sequitur
894 2509 1110 2616 praemissa,
1150 2503 1259 2616 atque'

309 2671 387 2740 eum
425 2651 502 2746 ipsa
530 2653 764 2748 'conjungitur
799 2649 956 2742 vocibus:
995 2671 1078 2723 naor
1090 2699 1102 2738 ,
1139 2633 1261 2741 enim,

312 2781 461 2885 quippe,
496 2779 627 2876 quiet
660 2779 848 2852 similibus.
898 2779 947 2852 lta
975 2780 1015 2850 ad
1043 2777 1256 2868 indicandum

311 2910 581 2998 enuntiationes,
607 2910 747 3005 aliquid
768 2927 818 2982 est
840 2907 1034 2994 honestum,
1067 2929 1167 3004 atque
1189 2910 1258 2984 ali·

310 3039 399 3140 quid
413 3057 465 3114 est
484 3041 662 3126 decorum,
682 3061 753 3111 esse
775 3041 950 3136 aequipoll
947 3056 1059 3128 enter,
1084 3037 1257 3136 Cicero

311 3171 357 3242 ita
384 3169 558 3243 concludit
593 3168 675 3262 (1).
738 3167 914 3243 Decorum
945 3169 991 3243 ab
1020 3167 1156 3250 honesto
1191 3192 1257 3246 non

273 3315 415 3398 ‚potest
438 3303 614 3396 separari.
678 3299 779 3374 Nam
810 3318 846 3373 et
867 3301 958 3398 quod
984 3301 1096 3388 decem
1137 3299 1254 3388 boner·

306 3447 381 3506 tum
406 3451 477 3520 est,
500 3449 536 3508 et
563 3433 656 3529 quod
676 3417 853 3508 honestum
878 3449 948 3516 est,
973 3432 1079 3508 decet.
1128 3431 1254 3507 Forma

306 3561 466 3659 regularis
500 3561 632 3658 Logica
664 3560 859 3655 Syllogismi
889 3559 988 3633 foret.

229 3773 235 3782 ,
357 3689 398 3764 Si
420 3707 455 3764 et
480 3691 573 3788 quod
594 3690 709 3781 decet,
735 3689 912 3802 honestum
934 3708 1005 3780 est,
1028 3689 1173 3787 eoquod
1192 3685 1254 3762 bo·

1180 3839 1253 3892 net·

333 3985 380 4059 (ι)
398 3985 443 4042 n·
459 3951 540 4042 ona.
560 3986 586 4041 1.
605 4005 651 4064 273
