2856 4862
374 361 892 466 Pnontuouenu.
1040 407 1108 484 ¹73

173 581 406 680 ingrammi
439 603 516 656 cum
545 583 688 686 discisis
714 583 904 658 hominibus
931 581 1109 656 confertur.

174 709 275 784 Tem
297 732 429 808 magna
453 731 526 799 est,
544 715 571 784 si
591 733 668 784 cum
693 712 794 801 lunn;
815 727 958 807 parua,
982 715 1107 784 sicum

174 837 246 912 sole
262 859 479 932 computatur.
504 837 587 911 Non
608 842 708 933 igitur
726 841 844 912 eodem
863 861 956 912 sensu
969 840 1118 924 dicitur,⁴

173 967 330 1054 amicus,
354 985 452 1063 usque
476 989 542 1040 non
570 939 724 1052 astices,
747 971 904 1062 superior
920 989 1021 1062 utque
1043 991 1111 1042 non

173 1099 334 1188 superior
358 1115 424 1167 etc.
449 1115 549 1190 queue
578 1096 638 1168 hue
661 1115 759 1168 notae
782 1119 849 1168 non
871 1118 946 1167 sunt
964 1117 1112 1192 pugnan-

174 1240 235 1296 tes.
262 1221 405 1298 Diverso
429 1225 529 1295 etiem
551 1243 702 1317 tempore
728 1228 773 1296 rei
796 1224 947 1297 mutabili
973 1245 1112 1319 possunt

173 1371 273 1426 noue
299 1354 383 1424 inter
414 1373 449 1424 se
475 1373 657 1449 pugnantes
679 1353 796 1440 tribui,
821 1355 978 1449 quoniam
994 1353 1109 1429 eudem

173 1501 243 1554 nun
284 1485 411 1554 mansit.
471 1482 565 1579 Ergo
597 1503 694 1556 noue
723 1502 904 1582 pugnantes
941 1503 1007 1556 tum
1038 1505 1106 1556 nun

174 1613 284 1686 eidem
322 1613 380 1686 sed
418 1613 575 1689 diuersae
618 1615 672 1686 rei
708 1615 903 1686 tn'buuntut.
970 1611 1049 1708 Qua
1076 1617 1111 1686 in

176 1744 368 1838 quaestione
388 1745 486 1816 etium
512 1741 749 1814 observandum
780 1762 849 1828 est,
884 1736 1041 1844 copulatu
1060 1757 1111 1814 ese

175 1869 322 1944 indicate
349 1891 407 1944 uut
434 1891 564 1964 tempus
586 1885 771 1966 praesens,
804 1891 860 1942 tut
895 1892 1026 1964 tempus
1050 1872 1112 1944 ab·

177 2002 324 2076 solutum
348 1998 430 2096 (s).
479 2001 518 2072 Si
552 2003 742 2076 enuneintio
779 2002 901 2074 indicat
929 2021 1024 2072 notus
1054 2023 1113 2074 ne·

178 2131 346 2206 teutarius
383 2149 418 2202 et
454 2131 705 2216 immutabiles,
756 2149 886 2225 tempus
923 2150 973 2200 est
1018 2129 1128 2204 abso·-

178 2257 313 2348 isuusst,
361 2256 482 2330 veluti:
534 2256 592 2332 isic
620 2256 717 2332 homo
752 2273 803 2331 est
831 2259 1009 2347 mortaii53
1053 2257 1112 2330 sed

174 2399 341 2481 praesens
360 2405 428 2472 est,
454 2387 482 2456 si
509 2405 586 2458 notu
612 2406 662 2458 est
678 2387 836 2485 fortuita
859 2405 894 2461 es
916 2387 1111 2475 mutabilis,

179 2535 242 2588 ute
280 2513 338 2591 itis
368 2513 463 2588 inemo
490 2516 605 2588 doctus
624 2533 685 2588 est.
738 2515 817 2588 Fuit
847 2519 934 2586 enim
958 2535 1111 2612 tempus,

178 2665 253 2716 eum
285 2645 529 2720 indoctissimus
551 2667 645 2718 esset.

181 2845 186 2856 ,
222 2772 321 2848 Hunc
348 2779 484 2868 primun
506 2773 633 2870 legem,
672 2795 770 2868 quum
792 2774 952 2859 diximus,
987 2773 1111 2872 Logici

179 2903 294 2978 dicunt
305 2903 522 3000 principium
552 2905 805 2998 repugnantiae
832 2925 887 2974 seu
924 2902 1116 2977 contradic·

179 3032 292 3108 sionis.
341 3029 455 3104 Potest
483 3033 578 3102 etiam
615 3033 659 3101 ita
695 3032 872 3100 enuntiari:
912 3028 1029 3102 Notae
1061 3050 1117 3102 re·

62 3235 63 3245 ,
175 3173 502 3259 pugnantemque
531 3162 569 3233 in
601 3181 706 3232 senam
731 3161 897 3232 notionem
931 3161 1116 3256 conjungi,

179 3292 496 3386 nequeconjunctae
516 3289 627 3362 tribui
638 3279 750 3362 eidem'
763 3290 990 3384 reipussunt,·
1014 3307 1111 3383 atque

180 3418 230 3490 his
249 3415 401 3492 formulis
422 3418 567 3491 indicari.
614 3418 656 3492 A
682 3443 747 3493 non
771 3437 821 3493 ess
847 3441 914 3492 non
936 3421 983 3491 A.
1021 3415 1118 3491 Nui-

181 3547 251 3620 ium
268 3547 308 3646 Α
324 3563 376 3620 ess
394 3569 460 3620 non
486 3549 532 3620 A.
554 3548 594 3619 A
610 3549 700 3642 quod
712 3571 777 3622 non
798 3550 844 3620 sit
868 3547 928 3632 A,
952 3546 1046 3620 nihil
1064 3564 1117 3620 ess

184 3651 355 3770 (aesinion
369 3675 465 3770 Ens)
491 3693 556 3751 aus
574 3677 726 3776 cogitari
748 3677 876 3772 nequis.
901 3674 1058 3772 Quutesi
1082 3677 1117 3747 A

1069 3823 1190 3880 est·

209 3949 263 4024 us
281 3953 394 4012 censer·
409 3971 439 4026 n·
459 3957 516 4012 us
