2896 4858
396 432 915 526 Pnnnunouann
1055 461 1133 548 Ι413

183 628 342 714 refertor.
407 639 502 713 Prior
535 641 639 726 uirtus
669 658 799 750 spectat
822 640 981 728 notionis
1013 637 1135 734 sphae-

194 791 283 858 ranr,
307 767 608 863 eaquedin‘tinne3
632 771 797 861 posterior
813 787 942 861 spectat
962 787 1138 866 argumen-

195 916 288 982 tum,
312 919 416 993 eaque
447 896 641 992 definitione
665 897 835 992 adjuvatur
860 918 896 973 et
919 897 1121 972 declaratur..

244 1027 294 1100 Ut
314 1049 423 1100 aurern
443 1027 632 1104 clementa
661 1025 834 1098 distinctae
858 1028 1002 1104 notionis¹
1023 1025 1138 1121 plures

195 1157 437 1252 snntgrrdus.
501 1157 763 1244 Sirnnotio;
797 1156 1142 1245 a,b‚c,d,···
1191 1249 1196 1262 ι
1285 1251 1287 1258 ,

170 1375 171 1380 ¹
196 1287 267 1380 ejus
283 1306 403 1369 norrea
427 1285 482 1372 A,
498 1283 556 1370 B,
575 1285 628 1368 Cr
643 1285 737 1369 D„
756 1334 797 1360 ..
821 1286 1141 1382 partesejussphae·

196 1436 271 1498 raet
311 1414 347 1489 N
374 1416 542 1509 quaelibet
575 1436 645 1500 tes,
679 1435 763 1510 quae
789 1417 852 1494 hac
877 1417 1015 1488 notione
1046 1415 1142 1512 cogi·

197 1563 293 1616 ratur.
341 1542 403 1616 His
437 1547 574 1638 positis,
612 1548 709 1618 notio
733 1565 778 1624 ao
801 1548 906 1636 tnagis
936 1565 986 1616 est
1009 1545 1137 1631 clara,

195 1693 266 1768 quo
297 1670 390 1766 piore
416 1691 492 1746 sont
516 1692 625 1744 rerum
655 1693 798 1768 genera,
819 1695 841 1744 n
868 1673 989 1765 quibus
1014 1674 1141 1748 discer-

194 1803 282 1874 nitur
308 1799 356 1876 N.
429 1800 597 1878 Omnibus
624 1802 783 1878 nrrrnerir
809 1804 913 1878 clara
940 1819 1008 1888 err,
1025 1804 1054 1875 si
1075 1823 1137 1897 per

128 2013 132 2022 ⁸
183 1951 267 2011 eam
308 1929 344 2003 N
386 1931 429 2002 ab
468 1933 625 2004 omnibus
660 1935 732 2004 aliis
777 1933 874 2002 rebus
920 1931 1138 2028 dignoscitur.

195 2058 427 2157 Quaecunque
453 2065 557 2132 notio
582 2082 650 2134 noo
690 2063 848 2136 omnibns
882 2063 1027 2136 numeris
1050 2059 1139 2138 clera

194 2207 264 2274 est,
300 2209 339 2260 ea
367 2209 409 2260 ex
439 2210 532 2283 parte
563 2190 709 2264 obscura
735 2213 797 2265 est.
858 2189 920 2266 Est
955 2211 1000 2264 eo
1032 2195 1138 2288 magis

194 2320 360 2400 distincta
379 2320 571 2404 extensive,
608 2343 678 2416 quo
704 2322 811 2416 magis
841 2320 994 2392 distincte
1029 2321 1139 2413 perci·
1197 2371 1199 2379 ‚

180 2452 332 2543 ⁸piuntnr
347 2449 400 2536 A,
418 2449 467 2532 B,
482 2449 537 2537 C,
555 2451 588 2522 D
612 2473 696 2534 ...ς
721 2450 889 2526 intensive
911 2471 1041 2538 autern,
1065 2472 1138 2545 qun

178 2581 298 2674 :magis
324 2577 499 2650 distinctae
528 2599 548 2648 a
581 2600 616 2649 se
646 2581 786 2652 invicem
818 2568 1005 2672 cogitantur
1038 2597 1158 2653 notare¹

193 2730 240 2794 a,
265 2708 372 2796 bris
395 2707 422 2784 d
443 2755 507 2784 ...
555 2705 593 2780 ln
618 2707 680 2784 hac
709 2728 816 2782 autern
846 2709 1057 2784 distinctione
1081 2729 1140 2784 us·

177 2856 262 2932 zqne
289 2836 444 2933 progredi
472 2857 669 2928 possumus,
706 2837 885 2932 cogitando
912 2859 1020 2930 partes
1049 2841 1137 2932 ipsa·

194 2988 267 3038 rum
301 2967 355 3050 A,
389 2967 440 3050 B,
470 2965 525 3050 C,
559 2963 594 3037 D
727 2984 827 3060 atque
855 2985 951 3042 noras
981 2985 1134 3040 nmmum

193 3117 241 3174 a.
266 3095 307 3181 b,
331 3119 369 3181 c,
394 3093 553 3189 d,·cu1·us
584 3097 825 3190 progressionis
861 3095 940 3165 ines
970 3092 1136 3172 naturales

191 3225 397 3328 constituunt
420 3225 566 3298 notr'oner
589 3222 782 3316 simplices,
807 3243 904 3314 atque
937 3244 993 3296 ret
1017 3221 1163 3321 ringn·'

190 3353 296 3424 iares.
355 3349 460 3448 Quod
476 3353 518 3426 si
546 3352 590 3424 ita
616 3354 712 3424 notio
744 3353 784 3424 ad
814 3373 979 3424 summurn
1007 3355 1137 3448 perspi·

115 3569 120 3580 ¹
190 3482 325 3555 cointio
361 3479 497 3576 gadum
529 3483 740 3575 pervenerit,
772 3482 976 3577 adaequata
1000 3481 1132 3559 dicitur.

189 3609 306 3706 Quare
335 3631 465 3684 summa
501 3610 719 3706 intelligentia
748 3612 873 3684 dicitur
906 3612 1026 3684 habere
1057 3631 1132 3688 om·

58 3765 59 3768 ¹
188 3759 248 3812 nes
278 3740 435 3813 notiones
463 3737 669 3835 adaequatos.

237 3867 400 3944 Definitio
440 3887 491 3941 est
527 3869 760 3965 decomposirin
796 3871 944 3942 notionis
987 3871 1022 3942 in
1055 3889 1129 3943 snas

184 3992 304 4088 'notan
339 3979 510 4104 ‘opposita
544 4001 777 4098 compositioni
818 3999 963 4076 notionis
999 4020 1041 4073 ex
1067 4020 1130 4072 no.-

1073 4149 1126 4206 tra.
