<?xml version="1.0" encoding="UTF-8"?>
<!DOCTYPE html PUBLIC "-//W3C//DTD XHTML 1.0 Transitional//EN"
    "http://www.w3.org/TR/xhtml1/DTD/xhtml1-transitional.dtd">
<html xmlns="http://www.w3.org/1999/xhtml" xml:lang="en" lang="en">
 <head>
  <title>
</title>
<meta http-equiv="Content-Type" content="text/html;charset=utf-8" />
  <meta name='ocr-system' content='tesseract 3.04.00' />
  <meta name='ocr-capabilities' content='ocr_page ocr_carea ocr_par ocr_line ocrx_word'/>
</head>
<body>
  <div class='ocr_page' id='page_1' title='image "./elementamathese01schrgoog_0090.png"; bbox 0 0 2856 4862; ppageno 0'>
   <div class='ocr_carea' id='block_1_1' title="bbox 281 445 1019 550">
    <p class='ocr_par' dir='ltr' id='par_1_1' title="bbox 281 445 1019 550">
     <span class='ocr_line' id='line_1_1' title="bbox 281 445 1019 550; baseline 0.009 -30"><span class='ocrx_word' id='word_1_1' title='bbox 281 465 337 550; x_wconf 62' lang='grc' dir='ltr'>μ’</span> <span class='ocrx_word' id='word_1_2' title='bbox 497 445 1019 541; x_wconf 68' lang='lat' dir='ltr'>Paontoomanm</span> 
     </span>
    </p>
   </div>
   <div class='ocr_carea' id='block_1_2' title="bbox 119 619 1225 744">
    <p class='ocr_par' dir='ltr' id='par_1_2' title="bbox 119 619 1225 744">
     <span class='ocr_line' id='line_1_2' title="bbox 119 619 1225 744; baseline 0 -24"><span class='ocrx_word' id='word_1_3' title='bbox 119 723 122 744; x_wconf 65' lang='grc'>,</span> <span class='ocrx_word' id='word_1_4' title='bbox 284 645 364 720; x_wconf 79' lang='lat' dir='ltr'>aliae</span> <span class='ocrx_word' id='word_1_5' title='bbox 392 641 558 739; x_wconf 77' lang='lat' dir='ltr'>quaelibet</span> <span class='ocrx_word' id='word_1_6' title='bbox 585 639 706 740; x_wconf 80' lang='lat' dir='ltr'>ligatas</span> <span class='ocrx_word' id='word_1_7' title='bbox 736 643 934 724; x_wconf 77' lang='lat' dir='ltr'>rectillneaa.</span> <span class='ocrx_word' id='word_1_8' title='bbox 992 643 1087 722; x_wconf 85' lang='lat' dir='ltr'>Cam</span> <span class='ocrx_word' id='word_1_9' title='bbox 1111 619 1225 720; x_wconf 78' lang='lat' dir='ltr'>antem</span> 
     </span>
    </p>
   </div>
   <div class='ocr_carea' id='block_1_3' title="bbox 195 771 1252 4192">
    <p class='ocr_par' dir='ltr' id='par_1_3' title="bbox 195 771 1252 4192">
     <span class='ocr_line' id='line_1_3' title="bbox 286 771 1228 876; baseline 0 -28"><span class='ocrx_word' id='word_1_10' title='bbox 286 780 321 848; x_wconf 89' lang='lat' dir='ltr'>io</span> <span class='ocrx_word' id='word_1_11' title='bbox 345 772 560 869; x_wconf 72' lang='lat' dir='ltr'>quadrilatera</span> <span class='ocrx_word' id='word_1_12' title='bbox 581 791 680 876; x_wconf 75' lang='lat' dir='ltr'>atque</span> <span class='ocrx_word' id='word_1_13' title='bbox 702 792 888 870; x_wconf 86' lang='lat' dir='ltr'>pentagona</span> <span class='ocrx_word' id='word_1_14' title='bbox 913 771 1051 861; x_wconf 83' lang='lat' dir='ltr'>cadant,</span> <span class='ocrx_word' id='word_1_15' title='bbox 1071 774 1106 847; x_wconf 87' lang='lat' dir='ltr'>id</span> <span class='ocrx_word' id='word_1_16' title='bbox 1128 775 1228 848; x_wconf 77' lang='lat' dir='ltr'>nobit</span> 
     </span>
     <span class='ocr_line' id='line_1_4' title="bbox 288 901 1228 999; baseline -0.002 -22"><span class='ocrx_word' id='word_1_17' title='bbox 288 903 423 998; x_wconf 81' lang='lat' dir='ltr'>iojlaete</span> <span class='ocrx_word' id='word_1_18' title='bbox 439 918 552 997; x_wconf 80' lang='lat' dir='ltr'>potest</span> <span class='ocrx_word' id='word_1_19' title='bbox 566 901 788 996; x_wconf 85' lang='lat' dir='ltr'><strong>suspicionem</strong></span> <span class='ocrx_word' id='word_1_20' title='bbox 797 951 811 991; x_wconf 90' lang='lat'><strong><em>,</em></strong></span> <span class='ocrx_word' id='word_1_21' title='bbox 828 923 882 974; x_wconf 83' lang='lat' dir='ltr'>aaa</span> <span class='ocrx_word' id='word_1_22' title='bbox 897 921 970 974; x_wconf 76' lang='lat' dir='ltr'>eane</span> <span class='ocrx_word' id='word_1_23' title='bbox 992 903 1142 975; x_wconf 88' lang='lat' dir='ltr'>omniam</span> <span class='ocrx_word' id='word_1_24' title='bbox 1156 924 1228 999; x_wconf 91' lang='lat' dir='ltr'>po-</span> 
     </span>
     <span class='ocr_line' id='line_1_5' title="bbox 288 1021 1227 1126; baseline 0.002 -24"><span class='ocrx_word' id='word_1_25' title='bbox 288 1029 489 1126; x_wconf 75' lang='lat' dir='ltr'>lygonotum</span> <span class='ocrx_word' id='word_1_26' title='bbox 506 1045 701 1100; x_wconf 79' lang='lat' dir='ltr'>communes</span> <span class='ocrx_word' id='word_1_27' title='bbox 714 1045 830 1116; x_wconf 83' lang='lat' dir='ltr'>notas,</span> <span class='ocrx_word' id='word_1_28' title='bbox 847 1021 950 1124; x_wconf 76' lang='lat' dir='ltr'>eaque</span> <span class='ocrx_word' id='word_1_29' title='bbox 969 1051 1032 1102; x_wconf 84' lang='lat' dir='ltr'>nos</span> <span class='ocrx_word' id='word_1_30' title='bbox 1048 1031 1173 1104; x_wconf 83' lang='lat' dir='ltr'>exaltat</span> <span class='ocrx_word' id='word_1_31' title='bbox 1183 1029 1227 1104; x_wconf 75' lang='lat' dir='ltr'>ael</span> 
     </span>
     <span class='ocr_line' id='line_1_6' title="bbox 287 1157 1228 1252; baseline -0.002 -18"><span class='ocrx_word' id='word_1_32' title='bbox 287 1179 410 1234; x_wconf 78' lang='lat' dir='ltr'>cetam</span> <span class='ocrx_word' id='word_1_33' title='bbox 434 1157 616 1241; x_wconf 86' lang='lat' dir='ltr'>tationem,</span> <span class='ocrx_word' id='word_1_34' title='bbox 639 1177 707 1250; x_wconf 86' lang='lat' dir='ltr'>qua</span> <span class='ocrx_word' id='word_1_35' title='bbox 728 1177 780 1228; x_wconf 82' lang='lat' dir='ltr'>rea</span> <span class='ocrx_word' id='word_1_36' title='bbox 807 1158 1038 1245; x_wconf 78' lang='lat' dir='ltr'>conlimatur,</span> <span class='ocrx_word' id='word_1_37' title='bbox 1058 1160 1228 1252; x_wconf 84' lang='lat' dir='ltr'>reperiun-</span> 
     </span>
     <span class='ocr_line' id='line_1_7' title="bbox 283 1281 1226 1382; baseline 0.001 -22"><span class='ocrx_word' id='word_1_38' title='bbox 283 1285 383 1374; x_wconf 76' lang='lat' dir='ltr'>‹lam3</span> <span class='ocrx_word' id='word_1_39' title='bbox 403 1305 487 1381; x_wconf 87' lang='lat' dir='ltr'>quae</span> <span class='ocrx_word' id='word_1_40' title='bbox 504 1281 746 1380; x_wconf 70' lang='lat' dir='ltr'>qumanana</span> <span class='ocrx_word' id='word_1_41' title='bbox 762 1295 892 1379; x_wconf 82' lang='lat' dir='ltr'>reperta</span> <span class='ocrx_word' id='word_1_42' title='bbox 913 1285 1033 1370; x_wconf 82' lang='lat' dir='ltr'>fuerit,</span> <span class='ocrx_word' id='word_1_43' title='bbox 1050 1284 1141 1360; x_wconf 82' lang='lat' dir='ltr'>nulla</span> <span class='ocrx_word' id='word_1_44' title='bbox 1153 1286 1226 1382; x_wconf 75' lang='lat' dir='ltr'>ejna</span> 
     </span>
     <span class='ocr_line' id='line_1_8' title="bbox 292 1411 1226 1505; baseline 0.003 -17"><span class='ocrx_word' id='word_1_45' title='bbox 292 1415 533 1490; x_wconf 82' lang='lat' dir='ltr'>enunciationia</span> <span class='ocrx_word' id='word_1_46' title='bbox 551 1415 613 1486; x_wconf 84' lang='lat' dir='ltr'>erit</span> <span class='ocrx_word' id='word_1_47' title='bbox 629 1413 804 1486; x_wconf 78' lang='lat' dir='ltr'>necessita</span> <span class='ocrx_word' id='word_1_48' title='bbox 819 1411 1057 1489; x_wconf 88' lang='lat' dir='ltr'>Mathematica</span> <span class='ocrx_word' id='word_1_49' title='bbox 1066 1462 1080 1505; x_wconf 90' lang='lat'><em>,</em></span> <span class='ocrx_word' id='word_1_50' title='bbox 1098 1417 1226 1491; x_wconf 64' lang='lat' dir='ltr'>etiamn</span> 
     </span>
     <span class='ocr_line' id='line_1_9' title="bbox 288 1539 1222 1639; baseline 0.002 -23"><span class='ocrx_word' id='word_1_51' title='bbox 288 1543 380 1620; x_wconf 89' lang='lat' dir='ltr'>milla</span> <span class='ocrx_word' id='word_1_52' title='bbox 421 1539 600 1639; x_wconf 73' lang='lat' dir='ltr'>polygonis</span> <span class='ocrx_word' id='word_1_53' title='bbox 650 1540 827 1638; x_wconf 80' lang='lat' dir='ltr'>designatis</span> <span class='ocrx_word' id='word_1_54' title='bbox 873 1543 1066 1617; x_wconf 81' lang='lat' dir='ltr'>confirmata</span> <span class='ocrx_word' id='word_1_55' title='bbox 1111 1543 1222 1618; x_wconf 87' lang='lat' dir='ltr'>fuerit.</span> 
     </span>
     <span class='ocr_line' id='line_1_10' title="bbox 284 1667 1227 1766; baseline 0.006 -24"><span class='ocrx_word' id='word_1_56' title='bbox 284 1669 402 1766; x_wconf 86' lang='lat' dir='ltr'>Qaare</span> <span class='ocrx_word' id='word_1_57' title='bbox 427 1685 603 1762; x_wconf 82' lang='lat' dir='ltr'>antequam</span> <span class='ocrx_word' id='word_1_58' title='bbox 636 1668 765 1740; x_wconf 76' lang='lat' dir='ltr'>tavena</span> <span class='ocrx_word' id='word_1_59' title='bbox 788 1687 858 1742; x_wconf 82' lang='lat' dir='ltr'>atat</span> <span class='ocrx_word' id='word_1_60' title='bbox 888 1667 1120 1746; x_wconf 79' lang='lat' dir='ltr'>Aritlmetica</span> <span class='ocrx_word' id='word_1_61' title='bbox 1148 1676 1227 1748; x_wconf 83' lang='lat' dir='ltr'>uni·</span> 
     </span>
     <span class='ocr_line' id='line_1_11' title="bbox 282 1793 1226 1892; baseline 0.001 -19"><span class='ocrx_word' id='word_1_62' title='bbox 282 1797 453 1884; x_wconf 75' lang='lat' dir='ltr'>mealia,</span> <span class='ocrx_word' id='word_1_63' title='bbox 484 1799 577 1892; x_wconf 84' lang='lat' dir='ltr'>signa</span> <span class='ocrx_word' id='word_1_64' title='bbox 601 1793 779 1884; x_wconf 86' lang='lat' dir='ltr'>adhibens,</span> <span class='ocrx_word' id='word_1_65' title='bbox 811 1811 896 1891; x_wconf 82' lang='lat' dir='ltr'>quae</span> <span class='ocrx_word' id='word_1_66' title='bbox 924 1817 1041 1871; x_wconf 87' lang='lat' dir='ltr'>omnea</span> <span class='ocrx_word' id='word_1_67' title='bbox 1068 1809 1226 1874; x_wconf 82' lang='lat' dir='ltr'>numetoa</span> 
     </span>
     <span class='ocr_line' id='line_1_12' title="bbox 283 1924 1224 2025; baseline 0.004 -28"><span class='ocrx_word' id='word_1_68' title='bbox 283 1925 519 1998; x_wconf 83' lang='lat' dir='ltr'>detenninatos</span> <span class='ocrx_word' id='word_1_69' title='bbox 536 1941 799 2017; x_wconf 83' lang='lat' dir='ltr'>repraesentant,</span> <span class='ocrx_word' id='word_1_70' title='bbox 813 1924 872 2018; x_wconf 68' lang='grc' dir='ltr'>(ς.</span> <span class='ocrx_word' id='word_1_71' title='bbox 886 1931 1098 2020; x_wconf 79' lang='lat' dir='ltr'>aa.)paacae</span> <span class='ocrx_word' id='word_1_72' title='bbox 1110 1928 1224 2025; x_wconf 82' lang='lat' dir='ltr'>legaa,</span> 
     </span>
     <span class='ocr_line' id='line_1_13' title="bbox 195 2027 1223 2156; baseline 0.004 -31"><span class='ocrx_word' id='word_1_73' title='bbox 195 2027 198 2044; x_wconf 53' lang='lat'>⁸</span> <span class='ocrx_word' id='word_1_74' title='bbox 283 2055 357 2126; x_wconf 82' lang='lat' dir='ltr'>aive</span> <span class='ocrx_word' id='word_1_75' title='bbox 370 2053 618 2156; x_wconf 75' lang='lat' dir='ltr'>enunoiationea</span> <span class='ocrx_word' id='word_1_76' title='bbox 631 2052 830 2126; x_wconf 77' lang='lat' dir='ltr'>universales</span> <span class='ocrx_word' id='word_1_77' title='bbox 847 2071 881 2126; x_wconf 85' lang='lat' dir='ltr'>et</span> <span class='ocrx_word' id='word_1_78' title='bbox 894 2058 1095 2128; x_wconf 79' lang='lat' dir='ltr'>necessariae</span> <span class='ocrx_word' id='word_1_79' title='bbox 1103 2056 1145 2128; x_wconf 90' lang='lat' dir='ltr'>de</span> <span class='ocrx_word' id='word_1_80' title='bbox 1160 2077 1223 2129; x_wconf 87' lang='lat' dir='ltr'>nu·</span> 
     </span>
     <span class='ocr_line' id='line_1_14' title="bbox 282 2179 1224 2279; baseline 0.006 -25"><span class='ocrx_word' id='word_1_81' title='bbox 282 2183 384 2254; x_wconf 82' lang='lat' dir='ltr'>metis</span> <span class='ocrx_word' id='word_1_82' title='bbox 399 2179 638 2254; x_wconf 85' lang='lat' dir='ltr'>Mathematioe</span> <span class='ocrx_word' id='word_1_83' title='bbox 655 2180 874 2258; x_wconf 83' lang='lat' dir='ltr'>demonstrari</span> <span class='ocrx_word' id='word_1_84' title='bbox 896 2203 1065 2279; x_wconf 84' lang='lat' dir='ltr'>poterant.</span> <span class='ocrx_word' id='word_1_85' title='bbox 1087 2185 1224 2260; x_wconf 78' lang='lat' dir='ltr'>Exem-</span> 
     </span>
     <span class='ocr_line' id='line_1_15' title="bbox 279 2307 1225 2410; baseline 0.005 -23"><span class='ocrx_word' id='word_1_86' title='bbox 279 2313 348 2410; x_wconf 84' lang='lat' dir='ltr'>pla</span> <span class='ocrx_word' id='word_1_87' title='bbox 360 2311 402 2386; x_wconf 85' lang='lat' dir='ltr'>in·</span> <span class='ocrx_word' id='word_1_88' title='bbox 414 2307 679 2388; x_wconf 73' lang='lat' dir='ltr'>mathematica</span> <span class='ocrx_word' id='word_1_89' title='bbox 693 2333 762 2386; x_wconf 78' lang='lat' dir='ltr'>nan</span> <span class='ocrx_word' id='word_1_90' title='bbox 782 2311 919 2398; x_wconf 76' lang='lat' dir='ltr'>docent,</span> <span class='ocrx_word' id='word_1_91' title='bbox 943 2313 1005 2388; x_wconf 80' lang='lat' dir='ltr'>sed</span> <span class='ocrx_word' id='word_1_92' title='bbox 1026 2314 1225 2392; x_wconf 79' lang='lat' dir='ltr'>illustrant.</span> 
     </span>
     <span class='ocr_line' id='line_1_16' title="bbox 331 2438 1222 2538; baseline 0.006 -24"><span class='ocrx_word' id='word_1_93' title='bbox 331 2438 434 2514; x_wconf 83' lang='lat' dir='ltr'>Aliud</span> <span class='ocrx_word' id='word_1_94' title='bbox 458 2440 699 2538; x_wconf 70' lang='lat' dir='ltr'>imaginationis</span> <span class='ocrx_word' id='word_1_95' title='bbox 731 2460 851 2514; x_wconf 85' lang='lat' dir='ltr'>munus</span> <span class='ocrx_word' id='word_1_96' title='bbox 881 2441 948 2514; x_wconf 89' lang='lat' dir='ltr'>hoc</span> <span class='ocrx_word' id='word_1_97' title='bbox 971 2461 1043 2532; x_wconf 86' lang='lat' dir='ltr'>est,</span> <span class='ocrx_word' id='word_1_98' title='bbox 1071 2461 1112 2518; x_wconf 81' lang='lat' dir='ltr'>at</span> <span class='ocrx_word' id='word_1_99' title='bbox 1134 2446 1222 2518; x_wconf 80' lang='lat' dir='ltr'>imo·</span> 
     </span>
     <span class='ocr_line' id='line_1_17' title="bbox 281 2551 1221 2668; baseline 0.005 -25"><span class='ocrx_word' id='word_1_100' title='bbox 281 2572 364 2668; x_wconf 47' lang='lat' dir='ltr'>agiae</span> <span class='ocrx_word' id='word_1_101' title='bbox 396 2551 585 2666; x_wconf 77' lang='lat' dir='ltr'>quadam‚&#39;</span> <span class='ocrx_word' id='word_1_102' title='bbox 612 2589 695 2663; x_wconf 85' lang='lat' dir='ltr'>qaae</span> <span class='ocrx_word' id='word_1_103' title='bbox 725 2568 863 2664; x_wconf 87' lang='lat' dir='ltr'>quidem</span> <span class='ocrx_word' id='word_1_104' title='bbox 888 2572 935 2644; x_wconf 86' lang='lat' dir='ltr'>tei</span> <span class='ocrx_word' id='word_1_105' title='bbox 972 2573 1221 2654; x_wconf 74' lang='lat' dir='ltr'><strong>accommodam</strong></span> 
     </span>
     <span class='ocr_line' id='line_1_18' title="bbox 270 2697 1221 2804; baseline 0.007 -36"><span class='ocrx_word' id='word_1_106' title='bbox 270 2705 349 2804; x_wconf 48' lang='grc' dir='ltr'>μὴ,</span> <span class='ocrx_word' id='word_1_107' title='bbox 380 2701 527 2774; x_wconf 80' lang='lat' dir='ltr'>meinata</span> <span class='ocrx_word' id='word_1_108' title='bbox 553 2698 732 2787; x_wconf 61' lang='lat' dir='ltr'>illustrem</span> <span class='ocrx_word' id='word_1_109' title='bbox 769 2697 869 2792; x_wconf 79' lang='lat' dir='ltr'><strong>cujus</strong></span> <span class='ocrx_word' id='word_1_110' title='bbox 896 2701 1038 2774; x_wconf 78' lang='lat' dir='ltr'>actionis</span> <span class='ocrx_word' id='word_1_111' title='bbox 1068 2701 1221 2798; x_wconf 84' lang='lat' dir='ltr'>exempla</span> 
     </span>
     <span class='ocr_line' id='line_1_19' title="bbox 282 2826 1221 2924; baseline 0.004 -24"><span class='ocrx_word' id='word_1_112' title='bbox 282 2827 408 2922; x_wconf 86' lang='lat' dir='ltr'>ubique</span> <span class='ocrx_word' id='word_1_113' title='bbox 429 2830 464 2900; x_wconf 89' lang='lat' dir='ltr'>in</span> <span class='ocrx_word' id='word_1_114' title='bbox 485 2827 633 2901; x_wconf 83' lang='lat' dir='ltr'>Mathesl</span> <span class='ocrx_word' id='word_1_115' title='bbox 652 2847 842 2902; x_wconf 85' lang='lat' dir='ltr'>occurrunt.</span> <span class='ocrx_word' id='word_1_116' title='bbox 891 2826 941 2902; x_wconf 88' lang='lat' dir='ltr'>lta</span> <span class='ocrx_word' id='word_1_117' title='bbox 963 2829 1095 2903; x_wconf 80' lang='lat' dir='ltr'><strong>duobus</strong></span> <span class='ocrx_word' id='word_1_118' title='bbox 1114 2853 1221 2924; x_wconf 87' lang='lat' dir='ltr'>punc·</span> 
     </span>
     <span class='ocr_line' id='line_1_20' title="bbox 281 2954 1220 3050; baseline 0.005 -21"><span class='ocrx_word' id='word_1_119' title='bbox 281 2959 325 3030; x_wconf 85' lang='lat' dir='ltr'>tia</span> <span class='ocrx_word' id='word_1_120' title='bbox 344 2959 413 3028; x_wconf 76' lang='lat' dir='ltr'>aine</span> <span class='ocrx_word' id='word_1_121' title='bbox 433 2954 520 3029; x_wconf 78' lang='lat' dir='ltr'>locis</span> <span class='ocrx_word' id='word_1_122' title='bbox 549 2957 583 3028; x_wconf 90' lang='lat' dir='ltr'>in</span> <span class='ocrx_word' id='word_1_123' title='bbox 609 2959 718 3050; x_wconf 84' lang='lat' dir='ltr'>spatio</span> <span class='ocrx_word' id='word_1_124' title='bbox 737 2955 821 3030; x_wconf 86' lang='lat' dir='ltr'>date</span> <span class='ocrx_word' id='word_1_125' title='bbox 847 2977 923 3030; x_wconf 82' lang='lat' dir='ltr'>sant</span> <span class='ocrx_word' id='word_1_126' title='bbox 945 2956 1138 3045; x_wconf 75' lang='lat' dir='ltr'>relationes,</span> <span class='ocrx_word' id='word_1_127' title='bbox 1162 2979 1220 3034; x_wconf 83' lang='lat' dir='ltr'>aut</span> 
     </span>
     <span class='ocr_line' id='line_1_21' title="bbox 278 3087 1220 3179; baseline 0.007 -24"><span class='ocrx_word' id='word_1_128' title='bbox 278 3103 376 3156; x_wconf 88' lang='lat' dir='ltr'>notae</span> <span class='ocrx_word' id='word_1_129' title='bbox 398 3103 569 3172; x_wconf 62' lang='lat' dir='ltr'>extetnm</span> <span class='ocrx_word' id='word_1_130' title='bbox 605 3107 692 3179; x_wconf 86' lang='lat' dir='ltr'>qaae</span> <span class='ocrx_word' id='word_1_131' title='bbox 713 3087 851 3161; x_wconf 83' lang='lat' dir='ltr'>nomine</span> <span class='ocrx_word' id='word_1_132' title='bbox 881 3087 1077 3163; x_wconf 77' lang='lat' dir='ltr'>directionis</span> <span class='ocrx_word' id='word_1_133' title='bbox 1103 3089 1220 3172; x_wconf 59' lang='lat' dir='ltr'>etii-,-</span> 
     </span>
     <span class='ocr_line' id='line_1_22' title="bbox 279 3211 1221 3310; baseline 0.006 -24"><span class='ocrx_word' id='word_1_134' title='bbox 279 3214 433 3287; x_wconf 73' lang='lat' dir='ltr'>stantiae</span> <span class='ocrx_word' id='word_1_135' title='bbox 467 3211 685 3306; x_wconf 84' lang='lat' dir='ltr'>appellantur.</span> <span class='ocrx_word' id='word_1_136' title='bbox 741 3211 810 3286; x_wconf 83' lang='lat' dir='ltr'>Eas</span> <span class='ocrx_word' id='word_1_137' title='bbox 850 3216 943 3310; x_wconf 85' lang='lat' dir='ltr'>quasi</span> <span class='ocrx_word' id='word_1_138' title='bbox 982 3234 1057 3288; x_wconf 90' lang='lat' dir='ltr'>ante</span> <span class='ocrx_word' id='word_1_139' title='bbox 1099 3217 1221 3292; x_wconf 73' lang='lat' dir='ltr'>onlon-</span> 
     </span>
     <span class='ocr_line' id='line_1_23' title="bbox 277 3339 1220 3443; baseline 0.008 -32"><span class='ocrx_word' id='word_1_140' title='bbox 277 3345 373 3437; x_wconf 80' lang='lat' dir='ltr'>pmtit</span> <span class='ocrx_word' id='word_1_141' title='bbox 395 3339 560 3437; x_wconf 82' lang='lat' dir='ltr'>pingenda</span> <span class='ocrx_word' id='word_1_142' title='bbox 582 3342 747 3438; x_wconf 83' lang='lat' dir='ltr'>imagine,</span> <span class='ocrx_word' id='word_1_143' title='bbox 769 3363 835 3436; x_wconf 86' lang='lat' dir='ltr'>qua</span> <span class='ocrx_word' id='word_1_144' title='bbox 863 3361 987 3438; x_wconf 87' lang='lat' dir='ltr'>puncta</span> <span class='ocrx_word' id='word_1_145' title='bbox 1011 3345 1220 3443; x_wconf 79' lang='lat' dir='ltr'>conjungan-</span> 
     </span>
     <span class='ocr_line' id='line_1_24' title="bbox 276 3469 1218 3568; baseline 0.004 -24"><span class='ocrx_word' id='word_1_146' title='bbox 276 3489 350 3556; x_wconf 70' lang='lat' dir='ltr'>tum</span> <span class='ocrx_word' id='word_1_147' title='bbox 384 3488 469 3564; x_wconf 87' lang='lat' dir='ltr'>quae</span> <span class='ocrx_word' id='word_1_148' title='bbox 492 3487 544 3542; x_wconf 84' lang='lat' dir='ltr'>eat</span> <span class='ocrx_word' id='word_1_149' title='bbox 568 3486 667 3542; x_wconf 82' lang='lat' dir='ltr'>recta</span> <span class='ocrx_word' id='word_1_150' title='bbox 688 3469 807 3558; x_wconf 69' lang='lat' dir='ltr'>zanca,</span> <span class='ocrx_word' id='word_1_151' title='bbox 840 3493 861 3542; x_wconf 81' lang='lat' dir='ltr'>a</span> <span class='ocrx_word' id='word_1_152' title='bbox 884 3491 1014 3565; x_wconf 87' lang='lat' dir='ltr'>puncto</span> <span class='ocrx_word' id='word_1_153' title='bbox 1046 3472 1087 3546; x_wconf 85' lang='lat' dir='ltr'>ad</span> <span class='ocrx_word' id='word_1_154' title='bbox 1110 3495 1218 3568; x_wconf 83' lang='lat' dir='ltr'>punc·</span> 
     </span>
     <span class='ocr_line' id='line_1_25' title="bbox 275 3595 1217 3700; baseline 0.008 -31"><span class='ocrx_word' id='word_1_155' title='bbox 275 3615 346 3669; x_wconf 79' lang='lat' dir='ltr'>taam</span> <span class='ocrx_word' id='word_1_156' title='bbox 367 3596 478 3670; x_wconf 88' lang='lat' dir='ltr'>ducta.</span> <span class='ocrx_word' id='word_1_157' title='bbox 527 3595 573 3668; x_wconf 84' lang='lat' dir='ltr'>At</span> <span class='ocrx_word' id='word_1_158' title='bbox 597 3615 677 3669; x_wconf 83' lang='lat' dir='ltr'>vero</span> <span class='ocrx_word' id='word_1_159' title='bbox 700 3597 780 3671; x_wconf 81' lang='lat' dir='ltr'>haec</span> <span class='ocrx_word' id='word_1_160' title='bbox 804 3601 915 3696; x_wconf 84' lang='lat' dir='ltr'>imago</span> <span class='ocrx_word' id='word_1_161' title='bbox 938 3621 997 3676; x_wconf 70' lang='lat' dir='ltr'>,eat</span> <span class='ocrx_word' id='word_1_162' title='bbox 1025 3623 1100 3697; x_wconf 82' lang='lat' dir='ltr'>pata</span> <span class='ocrx_word' id='word_1_163' title='bbox 1119 3606 1217 3700; x_wconf 85' lang='lat' dir='ltr'>spatii</span> 
     </span>
     <span class='ocr_line' id='line_1_26' title="bbox 275 3722 1218 3828; baseline 0.014 -34"><span class='ocrx_word' id='word_1_164' title='bbox 275 3722 396 3816; x_wconf 86' lang='lat' dir='ltr'>(aliam</span> <span class='ocrx_word' id='word_1_165' title='bbox 419 3729 508 3798; x_wconf 86' lang='lat' dir='ltr'>enim</span> <span class='ocrx_word' id='word_1_166' title='bbox 524 3727 659 3822; x_wconf 82' lang='lat' dir='ltr'>pingere</span> <span class='ocrx_word' id='word_1_167' title='bbox 678 3726 842 3820; x_wconf 72' lang='lat' dir='ltr'>nequa),</span> <span class='ocrx_word' id='word_1_168' title='bbox 860 3728 1032 3824; x_wconf 76' lang='lat' dir='ltr'>mnusque</span> <span class='ocrx_word' id='word_1_169' title='bbox 1052 3733 1153 3828; x_wconf 81' lang='lat' dir='ltr'>igimr</span> <span class='ocrx_word' id='word_1_170' title='bbox 1167 3731 1218 3806; x_wconf 82' lang='lat' dir='ltr'>dl·</span> 
     </span>
     <span class='ocr_line' id='line_1_27' title="bbox 272 3851 1252 3956; baseline 0.012 -34"><span class='ocrx_word' id='word_1_171' title='bbox 272 3851 499 3924; x_wconf 78' lang='lat' dir='ltr'>mansionibus</span> <span class='ocrx_word' id='word_1_172' title='bbox 527 3853 681 3946; x_wconf 82' lang='lat' dir='ltr'>praedita.</span> <span class='ocrx_word' id='word_1_173' title='bbox 729 3855 822 3928; x_wconf 81' lang='lat' dir='ltr'>Cum</span> <span class='ocrx_word' id='word_1_174' title='bbox 854 3876 965 3931; x_wconf 86' lang='lat' dir='ltr'>autem</span> <span class='ocrx_word' id='word_1_175' title='bbox 1001 3861 1217 3956; x_wconf 82' lang='lat' dir='ltr'>intelligentia</span> <span class='ocrx_word' id='word_1_176' title='bbox 1250 3929 1252 3934; x_wconf 81' lang='grc'>,</span> 
     </span>
     <span class='ocr_line' id='line_1_28' title="bbox 273 3978 1216 4087; baseline 0.021 -38"><span class='ocrx_word' id='word_1_177' title='bbox 273 3998 315 4050; x_wconf 82' lang='lat' dir='ltr'>ex</span> <span class='ocrx_word' id='word_1_178' title='bbox 345 3978 406 4053; x_wconf 83' lang='lat' dir='ltr'>hac</span> <span class='ocrx_word' id='word_1_179' title='bbox 431 3981 571 4074; x_wconf 77' lang='lat' dir='ltr'>imagine</span> <span class='ocrx_word' id='word_1_180' title='bbox 602 3981 684 4066; x_wconf 78' lang='lat' dir='ltr'>nihil</span> <span class='ocrx_word' id='word_1_181' title='bbox 716 3982 806 4058; x_wconf 85' lang='lat' dir='ltr'>aliud</span> <span class='ocrx_word' id='word_1_182' title='bbox 833 3987 985 4082; x_wconf 79' lang='lat' dir='ltr'>arripiat,</span> <span class='ocrx_word' id='word_1_183' title='bbox 1019 3989 1084 4066; x_wconf 83' lang='lat' dir='ltr'>nisi</span> <span class='ocrx_word' id='word_1_184' title='bbox 1098 3989 1216 4087; x_wconf 69' lang='lat' dir='ltr'><strong>„quod</strong></span> 
     </span>
     <span class='ocr_line' id='line_1_29' title="bbox 461 4115 1214 4192; baseline 0.005 -4"><span class='ocrx_word' id='word_1_185' title='bbox 461 4133 465 4142; x_wconf 86' lang='grc'><strong>’</strong></span> <span class='ocrx_word' id='word_1_186' title='bbox 1172 4115 1214 4192; x_wconf 83' lang='lat' dir='ltr'>ad</span> 
     </span>
    </p>
   </div>
   <div class='ocr_carea' id='block_1_4' title="bbox 0 0 1432 4862">
    <p class='ocr_par' dir='ltr' id='par_1_4' title="bbox 0 0 1432 4862">
     <span class='ocr_line' id='line_1_30' title="bbox 0 0 1432 4862; baseline 0 3"><span class='ocrx_word' id='word_1_187' title='bbox 0 0 1432 4862; x_wconf 95' lang='lat' dir='ltr'> </span> 
     </span>
    </p>
   </div>
  </div>
 </body>
</html>
