2852 4874
308 457 331 532 8
515 451 1027 534 Pnoattnrouseea't

307 681 314 692 ’
377 713 411 807 ς.
435 732 472 805 7.
505 685 684 786 Numerus
707 714 866 810 integer,
888 731 994 812 atque
1010 707 1165 826 fluctui.

352 967 409 1041 Ex
430 971 565 1042 notione
587 969 745 1044 metiendi
759 971 871 1065 prodit
895 970 978 1060 alia,
1007 983 1092 1069 quae
1115 975 1242 1049 indica·

300 1111 360 1197 aua
392 1117 478 1170 voce
512 1119 686 1171 numerus.
745 1097 914 1172 Numerus
943 1103 1031 1173 enim
1057 1121 1109 1173 est
1139 1107 1241 1199 copia

304 1218 565 1337 atu‘unitatuan,
605 1213 675 1299 aut‘
694 1229 836 1319 partium
870 1227 1055 1323 aequalium
1085 1233 1239 1319 unitatis,

303 1365 386 1446 quaa
418 1371 528 1448 partes
564 1353 715 1427 unitates
738 1349 881 1452 fractas
911 1354 1023 1429 dicere
1060 1369 1237 1452 posumus

304 1469 492 1574 (vocabulo
516 1483 650 1569 unitas,
674 1481 869 1577 simplicitet
884 1486 1017 1577 posito,
1037 1503 1141 1559 totam
1163 1477 1240 1560 uni·

304 1629 404 1713 tatem
432 1609 653 1708 designante)
688 1601 800 1709 Quare
821 1603 924 1685 uibus
946 1613 1055 1686 modis
1078 1609 1238 1712 esse‘pn·

302 1729 382 1818 easta
416 1745 572 1842 integer,
610 1741 639 1811 si
666 1759 709 1811 ex
746 1739 826 1812 solis
854 1741 1052 1830 unitatibus,
1092 1763 1132 1815 ut
1168 1725 1240 1838 (5)

302 1877 448 1970 quinque
466 1873 628 1958 unitatesa
652 1853 815 1964 fractus,
845 1871 873 1939 si
897 1888 942 1942 ex
960 1869 1137 1943 unitatibus
1153 1871 1239 1944 srae-

303 1989 366 2089 tis‚
392 2019 448 2074 aut
460 1999 595 2072 unitatis
615 1989 761 2092 partibus
782 1985 993 2093 aequalibus,
1016 2017 1053 2071 ut
1066 1998 1131 2096 (ff)
1153 1997 1239 2072 duae

302 2130 417 2201 tertiae
437 2145 546 2222 partes
563 2113 717 2216 unitatis;
740 2120 940 2214 atanasi
962 2129 1083 2222 partim
1101 2149 1145 2204 ex
1166 2117 1241 2202 uni'·

304 2254 447 2346 tutibus,
481 2240 601 2350 partim
636 2263 678 2326 eu¹
705 2245 882 2327 unitatibus
909 2253 1042 2345 fractis,
1074 2277 1114 2330 ut
1147 2249 1237 2356 (53)

303 2363 450 2482 Quinque
482 2401 579 2479 atque
610 2381 691 2455 duae
720 2386 833 2455 tertiae
865 2393 995 2478 partes,
1027 2389 1235 2480 compositus

302 2535 366 2588 est.
411 2513 639 2589 Numeromm
657 2514 861 2608 integrorum
892 2529 967 2587 tota
1002 2513 1142 2602 unitas,
1179 2496 1239 2587 aei

302 2663 515 2717 numerorum
549 2641 727 2714 fractorum
759 2639 889 2740 fracta
927 2643 1045 2716 unias
1083 2664 1235 2717 mensum

303 2786 364 2844 est.
422 2769 534 2844 Veluti
566 2786 716 2842 mensura
737 2771 862 2840 numeri
882 2765 944 2863 (ί)
970 2789 1112 2866 quatuor
1135 2773 1234 2868 quin·

302 2913 355 2974 tae
374 2917 501 2994 partes,
520 2916 571 2970 est
594 2900 701 2970 unitas
722 2897 823 2970 fracta
837 2894 922 2994 G),
944 2920 1028 2993 quae
1048 2920 1098 2972 est
1117 2903 1233 2995 quinta

303 3049 378 3124 para
404 3029 554 3116 unitatis,
582 3041 680 3121 atque
710 3028 744 3098 in
768 3026 834 3100 boc
856 3019 994 3100 numero
1016 3029 1123 3103 fracto
1150 3041 1236 3126 qua'·

306 3177 356 3230 ter
379 3159 578 3233 continens.

346 3339 522 3414 Animadu.
553 3343 636 3412 Sunt
661 3359 764 3413 temen
788 3347 911 3416 numeri
933 3345 1024 3416 fracti
1047 3347 1236 3434 tuemini,

305 3483 441 3551 quorum
470 3481 615 3529 mensura
633 3463 719 3530 nulla
737 3463 841 3532 unitas
862 3462 983 3547 fracta,
1006 3480 1088 3549 quae
1105 3467 1234 3550 quidem

305 3582 393 3649 finita
419 3581 484 3662 sit,
514 3597 585 3646 esse
604 3593 732 3663 potest3
766 3583 858 3667 cujus
878 3582 1004 3667 generis
1022 3583 1236 3652 suntndiees

306 3699 464 3780 quaelibet
492 3696 632 3763 omnium
659 3715 884 3782 numerosum,
906 3699 963 3782 qui
991 3716 1057 3765 non
1081 3713 1159 3767 sunt
1175 3719 1238 3787 poa

306 3815 435 3879 testates
454 3811 532 3878 alius
549 3812 695 3896 numeri,
715 3815 816 3882 veluti
836 3814 955 3884 radices
972 3831 1177 3886 numerorum
1193 3839 1236 3901 a,

305 3948 350 4012 3,
382 3943 422 4008 ς,
451 3935 495 4009 ⁶,
523 3945 561 4010 7,
595 3949 658 4012 10,
692 3932 1093 4034 11‚=12‚aliorunque.
1136 3933 1235 4008 Nun

304 4055 354 4112 est
383 4039 466 4109 enim
497 4042 600 4112 unitas
629 4044 750 4133 inacta,
786 4067 867 4133 quae
895 4051 1005 4122 harum
1025 4051 1163 4123 tadicum
1191 4053 1236 4120 sit

1147 4185 1235 4258 ¹pars
