2878 4860
366 447 889 525 Pnonnuoueun
1035 429 1109 546 υς

156 657 390 732 -pmcceptum,
434 627 678 712 admonitionem
714 641 896 708 involvunt.
961 639 1011 708 De
1045 655 1109 725 qun

165 762 241 826 haec
268 779 379 845 pauca.
464 817 466 823 ,
1108 823 1110 831 .

210 874 412 962 Experientin
445 888 542 960 atque
569 873 804 942 observatiam
832 873 1038 944 universitate
1059 879 1130 943 ret

167 1007 249 1062 rum
280 1013 353 1060 cum
402 1007 595 1060 externmum
635 1004 704 1058 tum
746 992 960 1077 internarum,
1002 990 1108 1060 inlini·

167 1127 199 1178 te
235 1113 407 1178 ostendunt
439 1109 676 1196 phaenomena,
727 1107 937 1193 mutationes,
973 1123 1109 1194 motus,

167 1247 247 1310 qune
288 1227 392 1312 aliqua
441 1225 557 1294 virium
606 1241 638 1292 et
687 1245 850 1292 causarum
905 1225 1029 1294 actione
1073 1241 1107 1296 et

169 1319 255 1412 certo
287 1341 425 1428 quodam
456 1343 551 1409 modo
583 1355 652 1410 ortu
682 1355 770 1420 sunt.
840 1344 889 1410 Ex
917 1361 955 1410 eo
978 1357 1107 1430 autem,

167 1449 255 1546 quod
278 1461 449 1546 quidquam
481 1459 590 1544 aliquo
625 1459 721 1526 modo
748 1458 895 1528 effectum
928 1475 999 1544 est,
1035 1474 1108 1528 tuto

165 1579 384 1648 concludimus
397 1591 421 1660 ‚'
454 1577 488 1644 id
526 1577 588 1644 hoc
617 1577 714 1644 modo
744 1579 819 1665 efflei
852 1595 938 1668 posse
950 1602 965 1663 ,·
1006 1577 1109 1646 veluti

167 1709 239 1762 cum
265 1695 434 1780 dicimuss
467 1714 578 1783 aqua,
607 1693 713 1760 calore
739 1690 926 1760 advertam
951 1681 1109 1779 quendem

164 1811 303 1900 gradum
324 1811 480 1879 diminuto
500 1810 553 1878 νιΙ
573 1824 691 1893 amen,
710 1811 746 1874 in
764 1809 900 1896 glaciem
919 1824 978 1877 aus
995 1813 1032 1875 in
1048 1831 1107 1876 va·

162 1945 271 2017 potem
300 1931 425 1996 mutari
447 1942 563 2016 potest.
606 1927 847 2004 Possibilitatem
874 1927 1034 2012 igiturex
1051 1949 1107 1996 en·

166 2047 309 2112 sistentia
333 2045 556 2112 concludimus.
602 2045 644 2116 At
662 2063 739 2112 vero
760 2063 923 2112 causarum
944 2062 976 2112 et
989 2047 1106 2116 virium

167 2178 276 2230 nai-nra
305 2176 491 2246 perspecta,
513 2161 563 2228 vel
584 2161 721 2246 cognitis
744 2162 891 2246 legibus,
911 2164 1000 2249 juxta
1027 2183 1106 2247 ques

167 2295 288 2364 agunt,
310 2278 402 2345 ctiam
428 2279 496 2346 sine
525 2278 732 2360 experientiae
753 2278 937 2346 testimonio
958 2279 1111 2354 affirmare

168 2415 363 2482 possumus,
382 2410 471 2465 certo
489 2398 623 2478 quodam
646 2395 741 2460 modo
768 2395 938 2478 quidquam
964 2415 1110 2466 necessu·

12 2573 13 2612 3
92 2502 96 2510 ’
167 2515 216 2580 sio
236 2513 399 2596 produci,
442 2512 485 2579 ita
524 2527 560 2577 ut
597 2511 763 2578 conclusio
791 2511 882 2578 etiam
909 2513 950 2582 cd
976 2529 1106 2600 tempus

168 2631 312 2700 futurum
341 2629 506 2716 pertinent.
554 2628 606 2695 Ex
636 2647 674 2694 eo
700 2628 818 2712 igitur,
842 2631 931 2712 quod
960 2629 1029 2696 iieri
1055 2633 1110 2699 de-

168 2750 248 2832 bet,
290 2763 345 2815 aut
370 2745 548 2813 necessario
575 2745 633 2825 lit,
675 2745 921 2828 concludimus,
964 2747 997 2814 id
1021 2766 1108 2817 nunc

169 2882 264 2949 atque
282 2863 315 2930 in
334 2861 478 2930 futurum
496 2861 564 2928 fieri
582 2880 682 2946 posse
739 2862 826 2928 Haec
850 2876 899 2928 est
917 2864 1110 2951 possibilitas

171 3003 212 3049 cx
229 2983 411 3048 necessitate
441 2996 514 3048 orta
541 2980 612 3064 (1).
655 2979 702 3046 im
721 2979 908 3047 Astronomi
929 2999 947 3046 e
971 2983 1109 3068 cognitis

171 3097 317 3182 legibus,
336 3099 426 3184 juxta
444 3115 523 3180 ques
546 3097 646 3163 Terra
670 3111 766 3180 utque
795 3097 889 3164 Lu'nn
915 3114 1109 3186 moventur,

171 3214 347 3298 deliniunt,
371 3233 521 3300 quaenam
552 3214 686 3298 eclipses
712 3217 834 3282 Solnrcs
853 3231 949 3299 etque
965 3215 1111 3288 Lunares

170 3332 298 3402 futuru
318 3333 385 3400 sint
403 3345 435 3398 et
451 3331 603 3416 quand03
627 3351 664 3398 ex
688 3351 753 3416 qun
768 3317 952 3418 colligitur,
972 3351 1039 3400 non
1057 3355 1112 3403 sou·

174 3450 1113 3538 lum,enscennquodum-temporeesseposse,sedetiam,

173 3568 236 3636 alio
257 3583 398 3651 tempore
417 3585 487 3634 esse
507 3583 573 3632 non
590 3587 699 3650 posse.
732 3567 767 3635 si
783 3566 861 3651 quid
879 3567 1006 3651 assequi
1022 3567 1115 3652 cupi.

172 3703 270 3765 mus,
291 3683 450 3768 nobisque
473 3679 635 3770 cognitum
666 3701 736 3768 est,
758 3684 791 3752 id
819 3685 886 3754 fieri
907 3705 1005 3771 posse
1029 3701 1114 3758 cem

172 3795 317 3888 quadam?
337 3795 482 3887 actione,
526 3823 607 3888 quae
635 3821 676 3872 ex
705 3818 816 3872 nostra
846 3805 1010 3874 voluntate
1035 3823 1115 3892 pen·

238 3931 253 3940 ’·
1036 3923 1115 4011 det,

208 4051 507 4130 (oculisne-pah
696 4051 711 4080 ³
778 4071 918 4102 ·'··
1041 4062 1077 4106 ‘⁴'
