2896 4858
299 437 370 518 394
516 395 1038 500 B'nousuosrrrrn.

302 621 610 714 circumscriptam,
644 619 808 714 multique
851 639 992 713 possunt
1023 639 1093 691 esse
1125 616 1258 714 flores}

307 748 349 821 de
377 751 501 844 quibus
528 749 666 822 dubium
696 752 760 833 ait,
797 765 917 821 utrum
949 749 1022 820 sint.
1047 749 1112 820 rix
1134 745 1263 818 nisibi-

306 879 375 962 les,
397 901 459 952 nec
477 901 529 952 ne.
581 879 705 952 Verum
737 880 803 949 hoc
822 877 1074 950 incommodum
1099 896 1260 962 commu·

304 1027 347 1078 ne
379 1007 518 1082 estsere
542 1011 693 1080 omnium
722 1007 946 1093 divisionum,
970 1003 1262 1111 quammuiuneia·

308 1155 456 1209 mentum
494 1157 545 1210 est
585 1133 776 1234 Quantitas
815 1137 1007 1232 quaedam,
1058 1133 1117 1206 sed
1149 1127 1261 1226 majus

304 1268 404 1338 etiarn
436 1286 486 1347 est
520 1269 554 1338 in
573 1265 767 1364 Quantitate
790 1265 982 1353 intensiva,
1011 1286 1111 1357 quam
1136 1282 1258 1336 exterr-

297 1399 397 1490 4κ’να.
446 1376 554 1496 Qund
584 1399 612 1470 si
649 1399 684 1468 in
712 1397 763 1468 his
793 1394 834 1466 ad
864 1395 1080 1466 minutissima
1116 1392 1256 1464 descen·

241 1601 245 1610 ,
306 1527 405 1610 dere,
430 1545 530 1624 atque
547 1548 615 1602 non
638 1524 806 1610 aurificis,
831 1523 890 1594 sed
916 1523 1118 1596 Geometrae
1137 1539 1257 1594 statera

308 1657 357 1730 uri
388 1654 547 1742 velimus,
589 1655 665 1730 ralia
697 1652 859 1748 quaedam
885 1673 1039 1746 quaerere
1073 1653 1255 1746 possimus.

308 1784 403 1858 lium
436 1787 470 1856 in
503 1805 612 1860 rerum
648 1791 760 1856 natura
795 1805 829 1858 v.
857 1803 891 1854 c.
917 1785 1078 1876 reperitur
1113 1780 1255 1874 angulus

309 1893 443 1986 merus?
490 1935 570 1984 uum
601 1915 630 1984 is
665 1934 812 2005 unquam
847 1914 889 1984 ab
921 1911 1035 2006 aliquo
1068 1911 1253 2008 designatus

308 2041 395 2114 iniri
418 2040 541 2134 Neque
563 2043 651 2112 enim
670 2044 698 2112 ia
715 2042 808 2114 solus
830 2061 880 2112 est
901 2041 1039 2138 angulus
1065 2039 1253 2133 obliquus,

307 2173 368 2262 qui
391 2173 591 2257 centesima,
617 2170 676 2242 sed
716 2173 813 2242 etiarn
851 2173 909 2265 qui
950 2173 1073 2244 centies
1117 2169 1254 2243 millesi-¹

306 2321 363 2374 ma
399 2319 492 2394 parte
530 2303 629 2372 unius
667 2301 823 2386 minuti,
872 2319 957 2393 quae
1000 2299 1121 2372 oculos
1157 2321 1255 2395 pror·

307 2425 525 2524 suseffugir‚
550 2428 657 2523 maior
690 2449 747 2502 aut
789 2430 899 2501 minor
934 2450 984 2500 cst
1022 2413 1144 2524 angulo
1181 2451 1255 2504 rec·

308 2577 358 2630 to.
409 2555 521 2651 Quare
550 2558 629 2631 salsa
658 2565 770 2652 potest
797 2579 869 2630 esse
898 2561 1112 2631 enunciariu:
1139 2581 1252 2656 angu-

305 2673 437 2794 iorum,
477 2687 540 2784 qui
567 2703 743 2783 apparent
767 2689 805 2762 in
837 2710 958 2761 rerum
992 2705 1150 2772 natura,
1189 2700 1252 2761 aut

305 2833 389 2896 arte
415 2791 481 2892 aur
502 2835 637 2905 natura
651 2817 779 2916 'facti‚
823 2819 892 2892 alii
922 2833 1003 2890 sunt
1037 2819 1150 2898 recti,
1187 2818 1253 2890 atii

307 2963 386 3022 runs
416 2947 556 3044 obliqui.
622 2946 710 3020 Cum
744 2970 817 3020 eam
854 2951 1031 3044 imaginem
1071 2947 1251 3042 perfectam

305 3069 414 3148 'rectae
432 3077 556 3166 lineae,
567 3095 667 3171 quarn
688 3079 837 3172 postulat
855 3079 1069 3166 Geomerriu,
1084 3077 1252 3174 designare

303 3183 376 3298 non
394 3207 581 3298 possimus,
598 3206 757 3303 angulum
776 3225 906 3279 rectum
929 3209 1078 3303 cogitare
1097 3207 1252 3301 quidem,

306 3332 365 3406 red
403 3332 497 3406 nullo
524 3337 740 3407 instrumento
778 3355 1022 3427 repraesentare
1060 3355 1250 3430 possumus.

303 3459 347 3534 ·ln
381 3461 576 3536 Geometria
610 3463 678 3534 hoc
712 3461 842 3534 nulium
875 3467 960 3556 parit
983 3465 1252 3550 incommodum,

304 3585 368 3664 ‘ubi
406 3595 615 3666 enunciatio:
648 3594 799 3690 angulus
836 3611 888 3666 est
922 3597 987 3666 aur
1020 3611 1156 3681 rectus,
1188 3607 1253 3670 aui

263 3709 266 3718 ¹
306 3721 484 3816 obliquus,
514 3725 672 3796 omnibus
708 3725 852 3794 numeris
889 3723 1038 3816 perfecta
1070 3741 1144 3811 est,
1169 3743 1253 3818 quo·

305 3851 393 3922 niam
417 3871 485 3921 non
510 3855 622 3949 agitur
641 3851 683 3923 de
701 3872 764 3936 eo,
789 3850 883 3946 quod
906 3853 972 3940 sir,
998 3850 1057 3948 sed
1075 3851 1170 3947 quod
1192 3873 1253 3944 eo·

303 3973 400 4076 gnari
415 3981 543 4072 possin
584 3979 802 4074 Geometras,
825 3979 984 4080 angulum
1008 3992 1137 4058 rectum
1159 3985 1253 4056 meni

821 4121 824 4133 '
1218 4127 1251 4182 re
