2856 4862
382 477 897 552 Pnotroomnna
1036 499 1102 573 rm

152 671 304 750 'memes
327 693 422 758 nant,
443 675 488 746 'si
514 693 624 748 ennam
650 691 757 766 partes
781 673 815 744 in
842 669 927 744 locis
950 671 1106 746 homolo-

170 807 224 900 gis
243 801 401 897 aequales
425 801 567 874 formant
593 799 752 896 angulosa
776 821 818 873 ex
847 822 916 894 quo
944 803 1105 877 cononuo

170 933 348 1024 sequitur,
377 951 490 1002 omnes
521 930 770 1003 recrastinans
798 925 983 1024 uniformes
1015 952 1106 1018 etse,

170 1062 334 1154 quoniam
362 1078 475 1130 earum
500 1075 610 1150 partes
634 1057 668 1128 in
691 1057 847 1130 omnibns
869 1059 1003 1151 punctis
1031 1077 1107 1130 ean·

171 1186 253 1260 dem
291 1185 412 1258 habent
441 1185 680 1272 directionem,
727 1204 824 1278 atque
852 1187 951 1281 ig'tur
970 1185 1106 1281 anguli,

171 1335 266 1408 quos
293 1315 376 1385 inter
394 1333 443 1386 se*
460 1312 604 1398 faciunt,
628 1314 751 1407 ubique
776 1332 851 1385 sunt
880 1313 973 1386 nulli.
1022 1313 1107 1388 Duo

174 1443 342 1539 triangula
373 1463 450 1514 sunt
470 1443 663 1528 uniformia,
688 1445 716 1512 si
743 1441 863 1538 singuli
882 1442 993 1538 anguli
1013 1441 1107 1540 alter7

176 1573 285 1646 utrius
319 1571 470 1666 aequales
495 1592 570 1644 sunt
593 1569 720 1667 angulis
742 1569 896 1659 alterius,
918 1590 973 1643 attt
989 1573 1017 1642 sl
1038 1560 1107 1644 duo

173 1701 281 1774 latera
298 1689 376 1772 cum
404 1702 502 1772 tertio
527 1693 626 1772 latere
653 1703 687 1770 in
716 1697 874 1772 alterutro
903 1697 1040 1794 angulos
1057 1681 1134 1772 ft?

173 1833 293 1916 ciunt,
316 1827 615 1925 aequales'angulis
632 1819 824 1924 homologis
842 1829 874 1898 in
889 1824 995 1898 altero
1011 1815 1108 1898 nian-
1164 1815 1173 1840 ⁸

174 1957 275 2057 gulo.
314 1959 411 2030 Duae
438 1957 558 2053 figurae
587 1947 772 2029 rectilineae
797 1954 911 2048 planae
928 1955 1108 2028 uniformes

174 2108 273 2176 sunt,
298 2089 327 2158 si
353 2107 463 2160 mrum
488 2103 618 2178 partes,
640 2083 674 2154 id
698 2102 774 2171 est,
803 2082 961 2179 triangula
985 2083 1107 2157 homo-

174 2217 281 2312 loga‚
321 2234 406 2309 quae
451 2213 632 2286 formantur
671 2209 898 2309 diagonalibus
939 2209 1044 2286 ductis
1071 2216 1107 2286 in

172 2363 316 2440 utraque
344 2342 467 2440 ligura,
504 2342 679 2414 uniformia
709 2361 794 2414 sunt.

222 2451 334 2569 Quod
358 2474 386 2542 si
407 2471 448 2543 de
463 2468 685 2542 uniformitate
707 2487 904 2562 corporum,
920 2469 1108 2564 superficie·

174 2603 240 2675 bus
264 2601 371 2694 planis
388 2597 590 2670 inclusorum
602 2645 615 2686 ,
628 2600 754 2692 agitur,
774 2598 941 2690 spectandi
957 2616 1031 2670 sunt
1050 2603 1108 2671 an'·

174 2731 268 2828 guli,
293 2747 379 2824 quos
402 2729 485 2799 inter
508 2747 543 2796 se
572 2723 733 2812 formant,
756 2724 860 2797 idest
882 2726 1107 2800 inclinationes

175 2857 369 2954 planorum·
418 2854 468 2927 lta
489 2853 571 2926 duae
597 2855 779 2948 pyramides
803 2855 1011 2950 triangulares
1032 2875 1108 2929 sunt

176 2987 386 3071 uniformes,
409 2985 438 3056 si
465 2982 592 3056 illarum
624 2982 720 3076 plana
749 2979 930 3078 homologa
956 2974 1108 3077 aequales

175 3089 300 3189 nobem
321 3099 557 3186 inclinationes.
591 3111 688 3184 Duae
709 3108 914 3204 pyramides,
936 3131 1020 3204 quae
1040 3131 1109 3185 non

176 3263 256 3316 sunt
275 3243 506 3342 triangulares,
530 3243 710 3318 uniformes
726 3260 824 3329 sunt,
843 3245 870 3314 si
886 3243 1109 3336 sectionibus,

176 3393 266 3467 quae
293 3375 424 3466 apicem
442 3393 542 3467 atque
565 3371 748 3469 diagonales
780 3372 896 3448 baseos
925 3375 1115 3462 transeunt,

176 3521 339 3573 secantur·
355 3502 390 3572 in
422 3501 602 3594 pyramides
635 3499 864 3600 ttiangulares‚
902 3523 955 3574 ex
990 3504 1112 3599 quibus

179 3629 278 3700 binae
300 3648 449 3722 quaeque
467 3627 669 3724 homologae
692 3649 767 3700 sunt
789 3629 979 3719 uniformes.
1026 3629 1112 3704 Om-

178 3760 261 3830 nino
282 3755 450 3850 quaelibet
467 3757 534 3830 duo
553 3778 714 3851 corpora,
739 3758 843 3852 planis
867 3759 1012 3848 inclusa,
1035 3783 1110 3838 sunt

180 3885 385 3972 undennis,
419 3889 446 3960 ti
467 3887 501 3959 in
523 3885 684 3982 ejusmodi
710 3886 894 3982 pyramides
930 3887 1112 3967 uniforme·

178 4016 283 4087 decad
301 4033 451 4109 possuntt

303 4163 312 4196 ¹
1077 4147 1113 4223 ὤ
