2924 4854
453 447 977 543 Ρκσιιοσκικὼ
1117 459 1246 544 ηρ,

248 627 294 712 aa'
315 663 373 726 aa,
394 637 482 729 quad
506 633 709 724 Quadratum
738 651 785 704 est
807 628 1096 724 Quadraaguluat,
1132 657 1193 707 aaa

250 762 396 848 requitur
417 758 526 826 latera
545 775 608 822 esse
624 753 775 840 aequalia
798 754 816 840 (
839 754 871 838 ).

292 875 517 943 Verumtamen
556 870 762 956 hypothetica
790 870 843 936 illa
872 855 1055 940 enuntiatio
1083 887 1193 958 potest
1226 944 1230 953 ,

252 991 344 1076 sequi
375 1010 415 1058 ex
434 988 632 1074 categorica,
654 985 683 1054 si
705 987 883 1054 Pronomen
909 987 1063 1076 qualest
1090 987 1193 1057 deter-
1311 1012 1315 1022 ·

199 1161 201 1164 .
252 1113 389 1176 minans.
435 1105 574 1173 Omnino
609 1102 759 1170 affirmare
788 1123 985 1188 possumus,
1022 1125 1062 1174 ex
1093 1115 1194 1174 enun-

250 1227 388 1292 ciatione
414 1223 611 1309 categoricae
635 1225 740 1288 omnia
757 1221 815 1308 A,
837 1243 920 1308 quae
948 1238 1022 1290 sunt
1044 1223 1091 1304 C,
1118 1240 1192 1293 suat

251 1335 385 1402 etiamli
396 1381 411 1412 ,
432 1329 692 1417 hypotheticam:
718 1331 747 1395 si
764 1325 800 1392 A
819 1344 865 1395 est
885 1329 943 1409 C,
957 1345 1002 1396 ert
1022 1333 1117 1396 etiam
1140 1331 1195 1411 B,

254 1466 322 1517 tum
344 1447 498 1532 consequi
516 1495 539 1529 ,.
552 1447 579 1513 si
600 1461 676 1512 note
698 1446 727 1513 C
749 1445 917 1528 retineat,
937 1465 997 1514 eur
1016 1445 1080 1530 ipsi
1096 1447 1198 1514 Atri-
1243 1507 1248 1514 .

256 1569 379 1636 buenda
403 1567 446 1634 sit
473 1581 549 1634 nota
566 1563 618 1647 133
643 1579 737 1660 quam
751 1563 818 1631 vim
837 1563 866 1630 si
890 1563 985 1632 habet
1000 1564 1078 1630 haec
1095 1579 1197 1647 nota,

217 1693 221 1700 '
256 1682 456 1760 enuntiatio:
478 1684 583 1748 uaria
604 1679 639 1747 A
659 1693 734 1747 sunt
754 1679 804 1761 B,
826 1681 950 1748 etiamsi
975 1700 1036 1748 aaa
1054 1695 1128 1747 suat
1146 1679 1219 1763 03.

257 1799 336 1870 falsa
355 1800 398 1866 sit
418 1815 548 1868 necesse
575 1811 636 1866 est.
687 1795 735 1861 Ita
754 1812 794 1862 ex
820 1793 1059 1868 enunciationez
1091 1798 1198 1862 triau-

253 1918 389 2006 gulurt,
410 1915 495 2004 quad
516 1930 561 1983 ert
589 1913 845 2002 aequilaterum,
865 1925 910 1978 est
928 1913 1199 2006 aequiangulum,

256 2035 422 2118 sequitur:
446 2037 474 2101 si
491 2031 691 2116 triangulum
708 2044 753 2097 ast
772 2029 1027 2116 aequilaterum,
1048 2033 1202 2118 aequian-

254 2150 365 2238 gulum
381 2165 447 2231 est3
472 2147 621 2231 quoniam
639 2147 701 2212 hoc
720 2145 826 2230 ipsum
846 2145 1056 2230 praedicatum
1069 2193 1081 2228 ‚
1092 2151 1202 2237 aequi·
1221 2143 1223 2148 ’

257 2269 395 2336 laterum
409 2288 495 2347 esse,
517 2264 598 2330 ratio
618 2276 686 2343 est,
698 2283 756 2330 cut
776 2263 967 2350 triangulum
990 2263 1034 2330 sit
1049 2271 1202 2354 aequian-

254 2391 379 2478 gulurm
403 2385 475 2455 ’Λᾶ
504 2387 584 2452 hanc
608 2383 822 2452 conditionem
847 2383 1070 2452 attendendum
1094 2397 1142 2452 est
1165 2384 1199 2451 in

256 2507 402 2574 mutanda
431 2501 653 2572 enuntiatione
681 2501 857 2588 categorica
888 2503 921 2568 in
946 2479 1196 2588 hypotheticam.

254 2623 340 2690 Vere
366 2620 495 2712 dicitur:
524 2640 646 2704 sumena
675 2621 866 2706 angulorum
889 2619 1051 2706 trianguli
1077 2622 1200 2689 rectili-
1283 2632 1288 2646 '

254 2741 306 2804 ael
333 2737 525 2821 aequilateri
552 2750 597 2801 est
622 2733 683 2800 duo
711 2734 825 2821 anguli
857 2739 959 2818 rerti‚·
1000 2735 1056 2802 sed
1092 2732 1197 2803 falsor
1249 2783 1273 2838 0

255 2859 283 2922 si
304 2854 502 2939 triangulum
527 2853 723 2948 rectilineum
759 2867 804 2918 ert
828 2853 1083 2938 aequilaterum,
1114 2861 1213 2934 sirm·¹
1271 2930 1274 2938 Ι

255 2992 310 3039 ma
334 2969 523 3058 angulorum
555 2983 600 3036 est
629 2966 690 3035 dua
717 2969 830 3054 auguli
852 2972 956 3054 reati,·
978 2970 1128 3051 quoniam
1159 2990 1200 3040 ex

257 3101 319 3170 eo,
362 3088 459 3172 quod.
487 3087 617 3168 aquuod
646 3085 837 3170 triangulum
867 3099 916 3151 est
949 3085 1200 3171 aequilaterum,

262 3225 328 3276 non
347 3205 512 3294 sequitur,
534 3221 685 3270 summam
706 3201 892 3283 angulorum
913 3219 983 3270 esse
1001 3203 1084 3269 duos
1103 3221 1202 3290 angu-

263 3326 314 3392 los
336 3337 453 3390 rectos.
475 3321 559 3388 Vera
579 3319 660 3387 enim
680 3318 843 3412 asteriam
857 3317 1056 3387 enunciatio:
1079 3342 1200 3388 summa

263 3439 455 3528 angulorum
469 3435 634 3522 au‘utliiet
653 3436 812 3523 trianguli
831 3431 993 3504 rectilinei
1006 3454 1050 3504 est
1067 3436 1129 3506 dua
1141 3407 1204 3506 aa·

261 3556 334 3647 guli
348 3557 453 3638 reati,·
473 3571 571 3636 quare
585 3553 674 3638 prior
693 3554 872 3620 enuntiatio
894 3545 1011 3638 speciei
1024 3557 1085 3621 soii
1104 3556 1136 3624 id
1148 3560 1206 3626 tris

262 3671 332 3742 buit
340 3669 576 3756 praedicatum,
597 3669 687 3753 quod
705 3669 766 3736 toti
784 3670 890 3757 generi
912 3669 1116 3739 tribuendum
1137 3691 1199 3744 est.

302 3787 549 3860 Enunciationes
586 3786 854 3870 Mathematicae,
894 3788 1038 3872 quumvis
1073 3789 1202 3858 indum

303 3915 305 3920 '
1027 3903 1031 3911 '
1084 3906 1087 3915 '
1142 3901 1207 4002 sine

298 4041 340 4112 (ι)
359 4040 470 4096 contee.
487 4059 516 4110 p.
536 4041 597 4112 159.
1201 4017 1206 4042 ¹
