2924 4854
428 403 947 502 Pnonaoor‘rur'rtla
1094 449 1165 522 249

228 621 286 688 ist
310 627 449 704 negans,
484 619 540 684 sed
573 613 750 686 adfirmans.
793 618 934 696 Praecise
973 617 1055 684 eninr
1080 619 1166 688 dicta

227 755 294 820 aar,
331 753 426 819 atque
457 737 539 802 hunc'
571 737 664 802 lrabet
692 743 838 802 sensum:
872 738 900 802 ri
928 735 1087 804 Rhombus
1111 753 1167 827 ‚ase

227 853 374 940 yusmodi
390 852 525 940 figora,
555 873 637 940 quar
666 873 726 920 nun
761 853 853 919 habat
885 853 1014 940 angrdos
1051 868 1165 922 rectora

229 968 439 1058 syllogismus
463 972 626 1056 igiturest
644 969 781 1038 format:
805 975 833 1036 u·
849 971 970 1038 nullum
992 971 1035 1036 M
1051 985 1097 1038 cst
1113 970 1166 1056 Py

228 1107 324 1178 utque
342 1095 446 1158 omnia
467 1089 493 1154 S
508 1107 583 1156 sunt
598 1088 661 1169 M,
684 1088 804 1154 nullum
832 1087 859 1154 S
874 1103 920 1155 ert
932 1087 973 1152 tt·

271 1206 445 1274 Animadr.
477 1227 510 1288 4.
545 1205 643 1290 Quod
675 1204 787 1272 attinet
825 1206 865 1298 ad
900 1204 1050 1288 nominor
1089 1223 1170 1288 quae

228 1327 489 1412 Syllogismorum
521 1323 623 1389 modis
649 1343 666 1388 a
689 1320 821 1406 Logicls
838 1323 931 1389 medii
954 1323 1023 1389 aevi
1050 1322 1172 1391 tributa

228 1453 305 1510 sunt
317 1475 329 1524 ‚-
343 1440 494 1508 historiae
513 1439 610 1521 gratia
627 1439 790 1522 sequentia
805 1453 974 1520 notemur,
997 1438 1171 1520 exquibus

230 1557 449 1639 eommforigo
473 1556 676 1638 intelligatur.
715 1556 856 1636 Singulis
877 1555 964 1622 hisce
986 1553 1172 1624 nominibus
1199 1611 1200 1624 ,

228 1683 292 1742 tres
313 1691 388 1742 sunt
405 1649 568 1757 syllabae,
591 1672 708 1756 quibos
734 1674 936 1757 designantur
954 1673 1053 1756 prima
1071 1687 1103 1739 et
1122 1669 1174 1741 se-
1203 1761 1206 1768 A

227 1793 330 1858 cunda
358 1790 549 1874 praemissa,
571 1804 667 1873 atque
686 1791 863 1858 conclusio.
909 1789 1046 1858 Vocales
1061 1792 1174 1860 harntn'

230 1909 418 1994 syllabarum
445 1905 522 1974 suni
551 1912 592 1981 a,
615 1927 656 1991 e,
678 1909 712 1990 i‚·
736 1927 782 1989 or
812 1907 893 1992 quae
920 1909 1123 1991 quantitatem
1139 1923 1173 1979 et

165 2061 169 2069 ·
232 2029 412 2108 qualitatem
437 2041 475 2091 eo
502 2027 618 2108 modo,
638 2042 681 2091 ut·
705 2025 875 2109 diximus,¹
893 2026 1084 2112 significant.
1126 2027 1177 2096 Ita
1245 2089 1248 2106 ,
1279 2059 1285 2068 ·

232 2154 296 2208 ton
322 2143 529 2208 Dis-am·is
552 2119 708 2224 declarat,
731 2143 862 2226 primam
886 2145 1086 2228 praemissam
1106 2154 1178 2214 esse

225 2261 500 2350 particularium·
521 2262 689 2329 secundam
720 2263 966 2348 uniuersaliter,·
995 2263 1175 2330 conclusiu-

229 2394 311 2444 nem·
319 2379 570 2464 particulariter
589 2375 823 2460 adfirmantem.
877 2379 1103 2446 consonantes
1121 2399 1177 2448 att·

230 2497 292 2561 tem
317 2493 516 2576 significant,
549 2495 714 2577 quomodo
752 2493 790 2560 ad
826 2495 1037 2578 syllogismos
1058 2496 1177 2580 primae

231 2611 348 2694 figurae
369 2595 482 2692 reliqui
503 2593 609 2678 reduci
625 2611 764 2694 possint.
790 2612 906 2680 Prioris
926 2613 1063 2696 syllabae
1077 2613 1179 2697 prima

233 2728 322 2794 litera
341 2747 520 2795 consonans
543 2729 681 2809 indicat,
705 2731 933 2823 syllogismum
956 2732 1062 2799 reduci
1079 2741 1179 2818 posse

231 2848 270 2912 ad
289 2867 358 2912 enm
384 2846 633 2930 syllogismum,
655 2849 746 2931 cujus
761 2847 860 2930 prima
877 2865 1055 2914 consonans
1073 2850 1179 2916 eadent

232 2975 293 3032 e'st.
339 2965 386 3031 lta
414 2965 628 3048 syllogismos
657 2965 878 3032 Dis-am·r's
913 2967 952 3030 ari
984 2965 1180 3048 Dar-M,

234 3083 297 3150 Ca·
308 3102 414 3150 sa-re
431 3081 470 3148 ad
491 3081 555 3147 Cr·
566 3081 707 3148 lea-rant
723 3081 895 3147 reducitur.
942 3080 1082 3148 Tandem
1100 3101 1179 3148 con·

233 3211 382 3266 sonantes
415 3220 452 3282 s,
479 3216 521 3288 p,
554 3220 607 3280 m,
638 3187 679 3282 a,
714 3219 794 3281 quae
825 3217 891 3264 non
929 3215 1002 3265 sinn
1034 3199 1177 3284 primaey

235 3320 431 3410 ostendunt,
486 3334 636 3399 quaenam
663 3315 819 3399 mutatio,
849 3333 885 3382 ut
924 3319 1065 3385 reductio
1096 3317 1183 3386 fiatt

234 3423 389 3500 afferenda
415 3418 459 3497 sr't
480 3431 684 3516 praetuleris»,
716 3435 861 3516 adquae
889 3436 1026 3518 pertinet
1055 3452 1180 3503 antecee
1289 3521 1291 3528 y

236 3552 314 3617 dens
338 3549 471 3620 vocans.
535 3541 627 3617 Haec'
655 3565 760 3617 autem
793 3531 928 3619 motatio
947 3554 1102 3622 indicatur
1127 3551 1181 3622 his
1275 3613 1277 3620 ,

242 3666 429 3735 versiculisa

278 3807 295 3853 s
312 3789 381 3855 uult
404 3787 589 3875 simpliciter
605 3790 691 3857 uerat
700 3823 711 3866 ,·
725 3789 909 3875 poerrlper
919 3787 1011 3853 accld
1024 3787 1115 3874 (cnr)

230 3945 236 3952 -
279 3915 311 3968 tn
328 3905 398 3972 nult
416 3909 602 3991 transponi,
623 3926 641 3970 c
652 3921 716 3996 per
730 3904 913 3992 impossibile
931 3903 1016 3970 duci.

240 4009 274 4086 icl
301 4033 368 4088 ests
403 4039 420 4087 s
450 4021 608 4107 declam,
627 4019 881 4089 enunciationem
906 4039 978 4088 esse
1001 4035 1189 4090 convertens

681 4138 714 4206 li
800 4195 820 4224 .,
1091 4139 1188 4225 danty
