2896 4858
393 389 926 488 mammonam.
1074 430 1147 508 an

195 615 200 624 ⁸
285 639 404 734 569.
453 637 513 713 De
537 639 700 748 divisivae
723 620 1074 748 sphaerae'aota‘onis.
1137 639 1142 667 ⁸

248 865 374 964 'Qualis
407 871 449 940 sit
486 867 606 942 divisio
646 868 805 963 sphaerae
838 867 1011 952 notionis,
1048 843 1147 960 aeque

204 997 381 1092 quomodo
415 1019 522 1070 exea
549 1001 695 1071 oriantur
730 999 976 1070 enunciationes
1002 995 1148 1091 disjunc·
1179 989 1183 998 '

200 1127 436 1212 ·tae‚1dic'tum
464 1147 515 1199 est
547 1126 629 1218 (1).
678 1123 807 1200 Natura
843 1125 943 1221 hujus
979 1127 1148 1199 divisionis

205 1259 283 1328 satis
320 1257 463 1340 indicat',
499 1255 581 1352 quid
610 1260 820 1350 requiratur,
857 1277 893 1329 ut
920 1258 963 1327 sit
984 1257 1150 1328 'omnibus
1182 1264 1185 1274 '

197 1388 348 1464 ‚numeria
383 1385 551 1479 perfecta,
591 1405 696 1480 utque
726 1368 801 1461 vera'
827 1385 869 1458 sit
894 1405 933 1458 ea
957 1387 1149 1460 enunciatio

206 1515 389 1610 disjuncta,
412 1539 478 1611 qua
499 1515 694 1588 declaretur.
1128 1519 1135 1536 '

253 1646 305 1719 Sit
329 1669 346 1720 s
370 1645 479 1740 aliqua
500 1648 615 1732 notio,
641 1647 698 1718 aut
724 1665 805 1718 nota
830 1645 986 1738 sphaerae
1013 1643 1040 1718 S
1048 1669 1063 1735 ,·
1097 1664 1148 1717 at·

202 1795 268 1866 que
297 1775 377 1847 haec
400 1774 537 1866 sphaera
558 1775 721 1847 dividatur
744 1777 776 1846 in
800 1793 907 1868 partes
934 1776 994 1856 A,
1019 1772 1071 1861 B,
1098 1773 1144 1859 C,

202 1902 264 1990 D,
289 1925 345 1976 aut
374 1905 507 1997 plures,
531 1923 590 1976 aut
612 1906 797 1998 pauciores.
841 1903 916 1976 Hae
935 1924 1050 1974 omnes
1073 1923 1149 1995 par*

203 2053 270 2118 tes,
296 2033 329 2103 id
346 2053 420 2119 est,
443 2053 558 2104 omnes
582 2053 656 2118 res,
682 2052 859 2126 quaesunt
879 2033 913 2102 in
933 2030 1074 2128 singulis
1094 2031 1147 2104 his

202 2161 371 2254 partibus,
397 2161 520 2234 habent
543 2181 653 2233 notam
676 2183 692 2232 s
719 2181 953 2247 communem,
978 2162 1036 2256 sed
1050 2169 1148 2255 'prae-

200 2309 288 2362 terea
304 2311 399 2362 notas
413 2313 507 2381 suas,
523 2309 557 2362 et
570 2294 741 2384 proprian
761 2315 845 2386 quae
860 2293 1145 2386 repraesententair

201 2393 305 2492 lateris
335 2443 382 2507 a,
406 2420 450 2509 b,
474 2446 520 2508 c,
544 2421 587 2508 d,
613 2425 657 2493 ita
690 2441 725 2493 ut
752 2444 778 2495 a
805 2424 952 2520 designet
982 2443 1146 2500 summam

200 2571 370 2634 notarum,
394 2571 478 2644 quae
497 2571 663 2644 praeterea
677 2554 742 2622 sint
760 2531 965 2645 sphaeraeA
976 2575 991 2640 ,·
1004 2552 1046 2636 ὂς
1061 2573 1146 2646 quae

200 2681 265 2752 sint
287 2679 529 2772 spamae,
554 2701 589 2752 et
615 2684 664 2752 ita.
683 2683 851 2776 deinceps.
902 2681 998 2778 Ergo
1018 2683 1060 2754 A
1089 2684 1148 2754 ha·
1173 2743 1183 2769 .

201 2810 294 2880 bebit
323 2831 417 2881 notas
446 2831 517 2882 set
541 2833 591 2900 ας
616 2809 649 2882 B
672 2831 766 2882 notas
795 2801 816 2883 ε’
838 2833 872 2882 et
895 2814 938 2902 b‚·
963 2831 1047 2884 caet.
1097 2810 1148 2886 Ut

199 2943 300 3036 igitur
318 2942 436 3012 divisio
462 2961 615 3012 accurate
639 2943 683 3014 sit
708 2943 874 3026 instituta,
898 2943 1093 3035 requiritura

251 3051 284 3145 ι’.
314 3070 363 3144 Ua
380 3091 515 3144 summa
529 3071 722 3165 partium,
746 3073 803 3155 A,
828 3069 885 3157 B,
911 3071 959 3158 C,
984 3070 1047 3160 D.‚
1083 3096 1145 3150 ne·

200 3223 266 3298 que
285 3203 399 3274 minor
414 3222 521 3296 neque
538 3204 651 3296 major
667 3203 737 3290 sit,
761 3223 867 3297 quam
887 3219 963 3276 tota
977 3201 1144 3297 sphaera.

199 3329 368 3404 Posterius
402 3349 515 3424 patet,
545 3333 573 3402 si
606 3329 746 3427 singulis
771 3353 821 3404 est
849 3353 927 3406 nota
953 3357 990 3420 s,
1024 3353 1084 3418 aut
1115 3337 1145 3408 si

196 3465 311 3533 omnia
340 3461 394 3543 A.
418 3458 476 3548 B,
503 3461 549 3548 C,
573 3459 613 3533 D
643 3482 719 3534 sunt
744 3486 772 3534 s.
820 3461 916 3536 Prius
949 3483 1082 3551 autem,
1113 3465 1147 3540 ai

195 3591 370 3685 quaelibet
389 3609 440 3666 res
470 3589 517 3679 S,
541 3611 628 3685 quae
655 3592 758 3666 habet
775 3611 888 3666 notam
908 3617 943 3681 s,
967 3595 1066 3668 etiam
1088 3593 1148 3669 ha·

199 3721 257 3797 bet
286 3739 381 3794 notas
418 3739 474 3796 aut
502 3741 550 3812 a,
575 3741 631 3796 aut
667 3721 709 3811 b,
741 3741 799 3798 aut
829 3745 869 3814 c,
894 3743 953 3799 aut
983 3723 1146 3822 d‚‘quod

1040 3897 1043 3906 ι
1081 3853 1142 3928 ἀο-

230 3993 603 4072 ωθῠύτεωέωθθ
647 4067 649 4072 .
