2896 4858
317 445 402 544 a&
552 413 1087 556 dauernounun

321 647 392 724 oue
414 660 483 716 aur
508 635 744 738 Quadratum.
803 639 894 716 Nam
923 601 1007 719 haec
1044 648 1181 740 proprie
1201 646 1271 719 no'd

327 791 381 846 est
400 771 586 860 Definitio,
611 771 669 844 sed
694 774 836 863 divisio,
860 795 928 870 qna
949 779 1044 848 notio
1067 777 1104 848 iit
1131 779 1271 850 distinc·

320 919 361 974 aa
377 922 447 977 non
470 902 653 989 intensive,
676 901 735 974 scd
759 906 942 979 extensive.
978 905 1092 1002 Quare
1112 909 1154 978 ad
1178 907 1271 980 ilius·-

323 1031 473 1106 nendam
494 1034 667 1105 notionem
684 1055 753 1107 non
778 1054 853 1107 raro
874 1035 1002 1109 utiliter
1029 1003 1270 1162 annena·-

211 1195 222 1214 ·
323 1179 392 1257 que
413 1159 615 1234 definitionis
639 1183 776 1235 munere
806 1161 903 1260 firngi
931 1157 1061 1259 potest,
1091 1161 1169 1244 itu
1164 1133 1218 1242 ut
1234 1169 1270 1238 ia

244 1335 246 1342 ·
322 1291 516 1368 universum
537 1295 639 1366 etiam
654 1291 748 1398 istud
770 1314 986 1390 praeceptum
1012 1318 1090 1369 non
1101 1263 1267 1368 vaiear.

322 1465 328 1476 .
672 1422 716 1466 Νι
754 1441 762 1476 ι
1070 1439 1075 1451 “
1110 1433 1149 1476 :t
1184 1433 1187 1440 ·
1256 1429 1266 1476 ι

359 1505 395 1602 S.
418 1525 483 1606 79.
517 1504 806 1604 Quantum-m
829 1507 999 1606 duditant
1020 1509 1234 1609 definitione?
1259 1563 1268 1606 :

323 1723 328 1734 ,
424 1635 706 1712 Mathematicus
736 1657 761 1709 a
793 1637 1045 1737 definitionibus
1075 1641 1169 1715 alia·
1210 1678 1215 1692 ·

470 1789 551 1840 rum
573 1768 852 1862 disciplinarum.
897 1769 1124 1869 Definitioner
1261 1825 1268 1856 ,

521 1895 734 1990 Aualytt'cae
769 1913 805 1972 et
842 1895 1075 1992 Syntheticae.

250 2148 252 2159 .
371 2090 602 2189 Quaecunque
624 2113 677 2164 res
690 2091 790 2164 nobis
810 2094 944 2168 dantur
967 2113 1065 2167 sensu
1083 2061 1220 2168 caterno
1234 2115 1270 2167 et

321 2215 474 2308 interno,
501 2221 693 2295 testimonio
718 2223 882 2312 aliorum,
907 2245 1013 2314 caen,
1028 2245 1139 2297 earum
1159 2231 1270 2298 notio·

323 2355 383 2425 nes
410 2351 530 2426 nonad
552 2354 721 2424 arbitrium
746 2373 896 2426 nostrum
917 2354 1041 2451 fingere
1058 2355 1156 2428 nobis
1173 2341 1269 2428 licet}

322 2475 381 2556 'A'd
399 2485 554 2556 notiones
567 2484 887 2590 magisuniversales
906 2485 1104 2585 adscendere
1118 2487 1196 2556 licet
1218 2489 1268 2557 in·

320 2613 512 2710 quirendo,
535 2635 695 2710 quaenam
714 2613 861 2707 plurium
878 2618 1055 2688 notionum
1078 2618 1144 2686 sint
1168 2635 1268 2689 nome

199 2719 205 2738 ’
321 2765 541 2833 communes,
566 2744 654 2816 sed
644 2767 732 2840 ipsas
761 2747 936 2828 notiones,
959 2737 1142 2863 earumque
1174 2729 1267 2816 notas'

322 2877 441 2950 mutari
456 2897 526 2950 non
542 2895 701 2970 oportet,
715 2876 764 2962 si',
779 2895 847 2946 non
867 2873 947 2970 quid
963 2871 1101 2960 fictur'ti,
1120 2873 1177 2944 sed
1189 2873 1267 2968 quid

321 3005 489 3076 verumsit
496 3021 725 3099 ,cognoscere
742 3001 908 3074 volomus.
934 2999 1006 3073 Res
1023 3007 1176 3077 accurate
1192 3019 1266 3070 sunt

318 3131 617 3226 contemplandae,
667 3131 847 3226 multisque
882 3131 992 3203 modis
1013 3116 1268 3226 investigandae

320 3280 357 3334 et
383 3263 640 3356 comparandae,
681 3279 720 3333 ut
752 3264 955 3354 reperiantur
981 3280 1102 3350 notae,
1145 3261 1267 3360 quibus

323 3391 388 3467 alia
404 3415 456 3465 res
472 3393 516 3464 ab
528 3391 591 3463 alia
605 3391 846 3486 distinguatur,
872 3411 928 3462 aut
941 3389 1004 3461 alia
1022 3411 1100 3463 cum
1111 3387 1174 3462 ulia
1187 3407 1268 3462 con·

317 3528 439 3600 veniat.
488 3519 610 3615 Neque
638 3521 729 3590 enim.
759 3503 944 3617 quaeritur,
968 3520 1049 3616 quid
1071 3505 1163 3604 fieri,
1181 3497 1268 3622 'qnid

318 3654 481 3752 coniungi
510 3653 636 3746 possit,
678 3647 735 3719 sed
760 3648 841 3744 quid
869 3669 946 3720 vere
974 3654 1039 3737 sit,
1076 3649 1156 3744 quid
1190 3637 1267 3722 vere'

316 3785 536 3880 conjunctum
565 3785 619 3854 ain
666 3775 771 3853 Data
806 3781 897 3852 notio
925 3779 1156 3878 definitionem
1177 3801 1265 3882 ¹cou-

318 3913 461 3987 stituere
482 3927 517 3983 ee
533 3909 717 3984 emendare
741 3908 860 3993 debet,
884 3931 951 3982 non
972 3905 1125 4006 defimtt'o
1159 3909 1264 3980 notio·

198 4011 204 4144 Ἰ
314 4055 427 4120 uem.
454 4036 567 4138 Quare
592 4037 803 4116 nomnibus
825 4037 1035 4134 disciplinis,
1070 4057 1155 4132 quae
1191 4057 1264 4108 sen·

1171 4185 1267 4242 auum
