2856 4862
358 387 877 512 Peccauerunt.
1023 448 1095 524 135

160 618 339 716 completio
369 639 477 716 neque
500 618 542 694 od
562 617 746 714 Logicom,
770 621 934 716 nequead
955 623 1096 700 Metho-

158 753 212 822 ein
232 753 387 846 pertinet.
421 835 424 840 ,
680 751 685 762 “
767 751 769 758 '

258 1009 291 1103 §.
317 1013 376 1102 3⁶·
421 1006 479 1082 De
503 1007 756 1081 Enuncs'ats'one
781 1003 999 1102 &paeonica

556 1136 718 1232 simplice.

209 1393 247 1467 Si
265 1391 397 1471 duobus
418 1391 551 1487 judiciis
576 1417 602 1465 a
629 1411 664 1465 et
682 1388 714 1485 β
734 1413 774 1465 es
794 1413 843 1466 est
857 1395 996 1484 motio,
1017 1417 1096 1494 ote

155 1543 228 1596 non
243 1523 351 1616 posm't
368 1541 440 1594 eme
467 1539 604 1610 ves-om,
627 1522 690 1594 nisi
710 1517 743 1614 β
764 1523 863 1596 etiem
890 1544 1002 1598 verum
1032 1530 1093 1614 sit,

157 1648 321 1746 jodicimn
343 1647 375 1744 β
397 1650 518 1724 dicims
538 1651 703 1744 consequi
721 1669 764 1724 ex
779 1649 959 1746 judIcioe.
995 1651 1094 1732 Hane

156 1780 382 1868 relationem,
414 1778 537 1854 dictem
569 1781 861 1876 consequentiam,
892 1782 1094 1876 declsmmus

49 1949 53 1956 ·
157 1909 417 1995 eouocmtione,
455 1926 544 2005 quae
577 1925 714 1986 vocemr
754 1907 998 2004 hypothetica,
1032 1933 1092 1986 seu

155 2039 421 2126 conditionalis3
441 2055 546 2132 quae,
569 2038 599 2112 ti
623 2033 770 2134 'simplest
790 2057 862 2126 est,
888 2039 949 2114 hec
964 2041 1093 2117 formu·

156 2165 391 2259 lejtodtmme:
415 2167 446 2244 ti
472 2192 500 2243 a
526 2144 598 2253 os,
620 2161 653 2259 β
679 2183 754 2253 est,
778 2186 835 2240 eut
869 2170 903 2244 si
920 2193 946 2241 a
973 2191 1094 2246 seram

155 2313 231 2385 est,
252 2292 284 2390 β
305 2319 429 2373 seram
449 2312 511 2372 est·
571 2289 833 2370 Eoueciotiones
858 2320 883 2367 a
904 2293 991 2390 etii
1018 2298 1092 2403 ejos

156 2425 313 2503 membra
347 2424 521 2514 dicontur,
563 2425 815 2521 materiamque
853 2424 923 2520 ejus
967 2429 1097 2500 consti·

157 2574 264 2630 munt.
320 2551 450 2630 Forma
486 2569 598 2626 eutem
640 2570 693 2626 eet
725 2555 798 2648 ipse
835 2557 1093 2651 consequentia,

156 2703 241 2780 qoec
263 2681 460 2780 plemmque
484 2699 571 2755 voce
599 2681 632 2758 si
661 2680 847 2778 designtsm
865 2679 947 2778 (ι).
996 2663 1093 2760 Priue

156 2812 347 2885 membrum
364 2807 521 2906 eppellosi
550 2806 636 2882 solet
660 2807 876 2904 hypothesis,
893 2813 961 2884 sive
977 2815 1094 2888 condi·

151 2943 205 3018 tia
224 2939 482 3036 (principiam,
512 2938 732 3026 antecedens,
764 2936 905 3030 ratio),
927 2927 1098 3040 posteriue⁴
1206 2987 1208 2992 ,
1267 2948 1273 2962 '

150 3087 268 3144 nocem
295 3065 400 3143 tlsesis
430 3067 672 3166 (consequens,
702 3065 1001 3160 conditionatum).
1051 3068 1099 3144 Si

150 3197 346 3294 subjectum
366 3216 401 3269 et
423 3197 645 3290 pmediceotm
665 3195 887 3270 membsomm
913 3195 1013 3270 literis
1032 3175 1101 3287 A,

150 3325 324 3416 B,C,D
347 3343 654 3422 sepmeeenmntur,
677 3324 901 3400 iosmuloests
926 3325 959 3399 si
980 3326 1020 3400 A
1037 3343 1094 3403 est

151 3455 213 3540 B,
226 3453 377 3549 (etiam)
404 3453 493 3531 Cest
504 3453 564 3542 D,
580 3474 637 3528 sut
652 3458 679 3528 si
692 3455 804 3548 ,quod
819 3457 1008 3548 saepissime
1024 3455 1088 3545 fit,

149 3585 285 3679 tetrique
311 3583 463 3658 membro
497 3585 583 3662 idem
608 3603 659 3658 est
690 3583 898 3677 subiectum:
931 3585 965 3659 si
983 3585 1023 3660 A
1037 3601 1090 3660 est

147 3709 211 3801 B,
237 3713 387 3808 (etiam)
411 3729 462 3788 est
481 3711 520 3788 C.
571 3713 638 3786 Sed
666 3731 747 3786 aet
772 3707 804 3804 β
825 3731 965 3805 possunt
989 3715 1088 3786 etiem

885 3857 890 3868 ’
1036 3863 1091 3919 es·

185 3995 230 4108 (t)
250 4037 362 4093 Confer.
380 4053 410 4104 p.
428 4052 487 4090 tes.
505 4035 535 4091 b.
