2896 4858
172 471 251 556 .Ι
326 429 401 530 89⁶
540 427 1062 527 Protrootuortu.

328 629 370 710 in
390 625 558 701 nonnullis
586 625 705 720 plantis
732 625 871 700 dubium
901 648 974 701 esse
1007 631 1135 722 possit,
1159 645 1273 702 utrum

328 760 466 840 stamina
486 733 642 830 concreto
671 760 756 843 sint,
782 779 845 828 nec
866 777 920 828 ne.
971 757 1038 830 Sed
1067 761 1198 853 majore
1217 759 1282 850 dif-¹

327 887 482 968 ficultate-
496 891 858 980 premitur-enuntiatio
873 905 995 972 sexta,
1008 892 1169 982 quoniam
1191 892 1225 960 iu
1243 909 1280 958 es

328 1017 439 1110 egitur
450 1017 490 1088 do
504 1018 829 1112 certaproporrione
841 1019 1064 1112 longitudinis
1072 1019 1279 1091 staminum.

329 1143 510 1240 Quaeritur
537 1151 645 1232 enim,
684 1147 765 1240 quid
796 1148 839 1217 sit
863 1150 1042 1242 proportio
1072 1165 1186 1220 certa.
1244 1144 1281 1218 Si

328 1279 508 1370 proportio
534 1296 584 1347 est
612 1279 762 1362 incerto,
786 1295 843 1347 out
870 1275 991 1364 dubio,
1017 1278 1195 1349 metiendis
1219 1295 1281 1346 sto·

331 1405 477 1479 minibus
510 1409 684 1478 certiorem
716 1425 787 1476 eom
817 1403 951 1478 reddere
989 1427 1180 1499 possumus.
1243 1405 1280 1476 Si

329 1535 533 1632 significatur
559 1537 755 1628 proportio,
790 1553 846 1606 out
874 1535 986 1626 potius
1012 1535 1105 1608 ratio
1135 1534 1275 1608 Geome-

329 1667 425 1739 trica
453 1669 566 1762 magis
598 1665 805 1758 composita,
846 1665 978 1736 ubinam
1007 1683 1084 1734 sunt
1111 1663 1196 1734 fines
1221 1681 1278 1734 seu

328 1793 473 1882 limites,
498 1795 620 1888 quibus
638 1813 692 1866 ‘ea
706 1843 719 1881 ,
745 1815 830 1888 quoe
857 1795 961 1888 magis
986 1811 1036 1864 est
1065 1794 1279 1885 composito,

328 1926 525 1998 discernitur
549 1926 591 1998 ob
621 1943 680 2010 ee,
720 1943 805 2018 quse
846 1925 954 1996 minus
985 1943 1036 1993 est
1064 1917 1276 2016 composito?

329 2051 453 2128 Utrum
479 2056 512 2126 in
542 2053 604 2126 hoc
629 2049 811 2124 definiendo
834 2073 939 2125 serae
969 2049 1187 2144 longitudinis
1216 2066 1277 2118 sto·

328 2183 457 2256 minum
493 2181 634 2255 habetur
667 2181 738 2254 soia
769 2183 876 2270 ratio,
899 2203 939 2252 on
962 2181 1070 2251 etiam
1101 2191 1277 2272 apparen-

331 2309 405 2386 tis?
441 2309 583 2382 Possunt
609 2313 698 2383 enim
727 2332 802 2382 esse
824 2310 887 2384 olio
917 2311 1053 2381 stamina
1083 2309 1163 2380 loco
1196 2309 1276 2382 infe·

240 2431 246 2442 “
327 2441 437 2530 tiore,
473 2439 537 2512 alie
565 2435 646 2514 loco
674 2445 873 2534 superiore.n
921 2440 988 2511 Sed
1015 2461 1184 2535 utcunque
1209 2459 1273 2522 est,

326 2587 460 2642 utemur
485 2591 529 2642 eo
550 2571 720 2644 divisionis
753 2571 982 2642 fundamento.
1036 2570 1091 2642 Ex
1120 2570 1276 2640 divisione

326 2697 532 2772 dichotomis
572 2699 738 2800 prodeunt
781 2701 1056 2800 enunciationest
1111 2696 1281 2788 Stamina¹

327 2827 452 2903 borum
481 2829 610 2925 florum
638 2846 703 2903 aut
735 2799 1108 2922 internodiorum,
1138 2847 1206 2926 aut
1227 2827 1277 2900 in·

326 2961 493 3056 aequalia
515 2976 604 3033 rant.
655 2957 820 3033 Stamina
846 2959 1048 3052 inaequalia
1073 2973 1135 3030 aut
1159 2972 1275 3030 certat

321 3091 557 3186 proportionis
579 3088 829 3186 longitudinem
855 3085 1005 3173 babent,
1031 3104 1097 3160 aut
1120 3109 1189 3160 nan
1216 3072 1276 3159 ba·

326 3219 423 3294 irent.¹
473 3213 573 3314 Quat
612 3235 727 3290 certae
760 3216 996 3310 proportionis
1030 3217 1280 3313 longitudinm

326 3346 459 3424 intem
483 3364 549 3420 aut
577 3347 669 3418 ralia
698 3362 805 3431 sunt,
837 3361 879 3417 ut
906 3346 969 3416 duo
997 3359 1129 3440 semper
1153 3346 1278 3421 brevio·

280 3459 289 3478 ⁹
328 3499 377 3553 ra
400 3477 471 3550 rint
494 3475 664 3572 reliquis,
699 3490 765 3546 aut
790 3497 858 3546 non
894 3473 988 3546 talia
1019 3489 1114 3546 sunt
1178 3472 1275 3548 Unde

325 3625 469 3702 quotuor
489 3625 607 3702 genero
620 3605 739 3678 horum
754 3601 895 3675 florumr
919 3603 1127 3726 staminibus
1148 3624 1274 3722 aequa·

325 3737 438 3846 liburt
471 3735 677 3846 staminibus
705 3723 944 3828 inaequalibus
971 3734 1043 3828 sina
1071 3751 1171 3808 certa
1193 3749 1290 3838 pra·l

321 3869 480 3968 portione
497 3839 752 3963 iongitudinis,·
774 3863 984 3960 staminibus
1014 3865 1278 3960 inaequalibus.

324 3997 381 4074 ita
401 4011 441 4070 ut
467 3995 531 4070 duo
555 4007 685 4090 tempu
713 3996 784 4071 sint
803 3993 966 4070 breuiora
991 3994 1160 4090 reliquis‚·
1199 4011 1276 4074 ssa

1211 4145 1271 4196 mt-
