2856 4862
361 463 410 551 pa
581 447 1102 536 instruontur

352 641 509 710 mutnet
526 639 681 726 triangula
706 655 773 710 nott
802 641 1006 727 rectangula,
1037 659 1107 708 non
1125 642 1226 729 magis
1252 657 1301 710 est
1416 693 1417 704 ,

360 759 487 830 infinita
521 771 577 826 aut
607 757 745 827 limitans
774 759 980 844 appellanda,
1014 777 1106 842 quam
1128 777 1185 842 er,
1225 779 1303 844 quae

358 877 504 946 mutiret
524 878 678 963 triangula
710 877 905 962 rectangula.
949 875 1117 943 Caeterum
1139 896 1179 944 ex
1199 855 1305 961 infini-

323 1025 326 1036 ·
359 1010 399 1062 aa
425 993 645 1061 enuntiatione
674 991 877 1082 categoriam
908 991 994 1060 elicit
1022 993 1183 1077 Kantius,
1211 991 1303 1082 'quam

361 1109 442 1182 dicit
461 1112 680 1182 limitationem
703 1112 722 1198 (
742 1109 775 1197 ).

406 1225 549 1294 Tametsi
590 1239 693 1294 autem
723 1244 790 1294 non
820 1227 965 1296 videatur
991 1243 1067 1298 esse
1103 1229 1185 1296 ratio
1221 1225 1305 1297 suffi-

363 1341 479 1429 ciens,
520 1364 579 1411 cur
613 1357 770 1412 statuatur
798 1343 924 1414 diversa
953 1345 1088 1429 qualitas
1117 1349 1308 1414 enunclatln'·

364 1468 416 1530 m't
445 1465 589 1551 negantis
618 1460 927 1551 atquainfinitaa,
979 1477 1082 1529 tamen
1116 1463 1309 1529 animadver-

365 1581 460 1648 tenda
478 1596 528 1648 est
554 1579 613 1648 alia
633 1577 811 1647 differentia
843 1579 1036 1664 qualitatis,
1083 1598 1177 1662 quam
1203 1593 1308 1646 sermo

365 1699 513 1766 declarat.
558 1677 687 1766 Etenim
717 1698 771 1782 (ut
789 1699 853 1784 jam
877 1697 995 1764 dietum
1017 1710 1066 1763 est
1088 1697 1121 1780 ς.
1150 1697 1226 1781 28.)
1248 1697 1309 1763 lin-

366 1835 429 1904 gua
457 1811 570 1882 multas
597 1813 736 1882 adhibet*
756 1831 876 1896 voces,
909 1831 992 1897 quae
1011 1826 1104 1880 notas
1124 1813 1309 1900 designant,

365 1949 447 2012 quae
470 1944 592 2016 partem
621 1930 738 1997 habent
767 1931 993 2016 affirmantem,
1035 1945 1159 2028 partem
1190 1950 1310 2017 negan-

366 2061 445 2116 tem.
499 2047 547 2114 lta
572 2049 678 2117 einum
711 2069 794 2131 assa,
814 2047 895 2131 {sire
927 2048 993 2118 vita
1025 2045 1118 2131 frui,
1153 2063 1204 2114 est
1235 2065 1313 2116 nota

366 2167 550 2254 affirmarem
590 2163 643 2234 cui
674 2179 752 2232 nota
778 2186 840 2232 non
866 2167 973 2235 einum
1001 2185 1062 2232 asse
1080 2164 1168 2233 omni
1186 2183 1226 2233 ex
1241 2184 1317 2250 par·

366 2295 400 2348 te
431 2295 585 2369 repugnat
601 2281 674 2354 lseu
709 2280 961 2351 contradictoria
990 2296 1062 2365 est,
1101 2297 1197 2365 atque
1217 2282 1316 2368 igitur

360 2418 496 2490 prorsus
523 2417 661 2488 nagnam
689 2399 746 2466 sed
777 2413 938 2465 mortuum
969 2419 1031 2469 asse
1059 2397 1122 2484 ipsi
1157 2417 1197 2465 ex
1226 2414 1319 2484 parte

368 2529 547 2602 repugnat,
584 2517 654 2585 sive
681 2518 848 2584 contraria
877 2527 927 2582 est
946 2529 1040 2598 nota3
1080 2528 1213 2599 negatur
1232 2515 1318 2582 enlm

367 2634 435 2702 vita
454 2634 627 2718 praeditum
645 2651 717 2702 esse
736 2631 875 2715 aliquid,
897 2631 953 2698 sed
978 2629 1177 2714 adfirmatur,
1199 2629 1233 2696 ld
1254 2631 1320 2698 vita

357 2729 545 2836 ¹praeditum
575 2749 689 2820 fnisse.
771 2750 878 2841 Quare
901 2747 959 2816 hac
992 2747 1213 2816 enunciatione
1253 2750 1321 2815 dis·

367 2869 477 2954 juncta
498 2868 545 2936 uti
555 2884 751 2958 possumus:
796 2866 847 2932 lrr'r
869 2881 914 2934 est
935 2868 1123 2948 auratus,
1150 2881 1211 2932 aut
1235 2887 1322 2934 mor-

278 2999 280 3003 ’
367 3001 466 3067 auus,
488 2999 548 3052 aut
567 2984 659 3052 nulla
668 3003 807 3072 unquam
825 2986 895 3052 nita
914 2979 1082 3072 praeditus
1093 2981 1188 3068 fuit,
1212 2983 1323 3067 (quod

367 3117 564 3186 postremum
595 3099 681 3167 cadit
708 3120 743 3170 v.
762 3117 793 3166 c.
825 3100 858 3166 in
887 3097 1041 3184 lapidem)
1062 3113 1157 3182 atque
1177 3113 1243 3167 tres
1278 3102 1324 3168 dl·

372 3235 484 3286 versae
525 3215 674 3284 oriuntur
711 3215 952 3283 enuntiationes
1000 3217 1224 3302 categoricae:
1276 3221 1325 3286 hir
1416 3199 1417 3210 ἵ

372 3337 559 3416 nieus'ast,
589 3334 641 3399 hic
661 3349 707 3400 est
734 3355 795 3399 non
825 3335 914 3404 ninus
934 3335 1006 3419 (aut
1034 3333 1085 3408 hic
1103 3349 1243 3405 nonest
1277 3336 1325 3402 vi·

372 3451 464 3535 vus)⁸
485 3451 536 3518 kls
566 3430 708 3516 mortuns
739 3464 807 3534 επις
861 3469 995 3532 quarum
1035 3451 1135 3535 prima
1163 3466 1213 3518 est
1244 3453 1326 3520 affir-

374 3583 488 3652 mans,
509 3566 644 3636 amanda
654 3582 793 3652 negans,
815 3563 907 3637 tertla
921 3565 1035 3656 partim
1054 3565 1233 3653 affirmans,
1254 3589 1326 3658 par·

1270 3687 1324 3754 tlm

392 3831 457 3908 Ι(ιῖ
473 3824 542 3886 'l'rer
564 3830 628 3888 illae
645 3831 803 3902 categoriae
822 3830 988 3905 Qualitalis,
1020 3847 1087 3906 quaa
1109 3830 1224 3888 Kanliur
1247 3830 1327 3902 ponit

375 3939 439 3984 eunt
455 3933 609 3994 Reala'tas,
627 3935 771 4004 Negatio,
791 3933 953 3984 Dimitatio.
987 3933 1031 4001 (§¹
1052 3948 1096 4001 ²9·
1113 3947 1141 3996 p·
1157 3928 1219 4002 71.)
1243 3936 1324 3986 Rea-

376 4031 489 4083 literam
508 4038 596 4084 autern
612 4031 641 4082 in
659 4031 864 4099 categoriarum
886 4019 999 4082 numeru
1017 4027 1144 4095 ponendo
1155 4026 1325 4086 maximni

376 4117 548 4191 latiburum
563 4129 710 4184 receditur.
746 4123 827 4196 Crini.
847 4127 926 4182 Kru
937 4147 974 4198 g,
993 4121 1118 4198 Hettph.
1139 4148 1165 4184 2.
1186 4145 1216 4208 p·
1226 4129 1276 4184 81.
