2856 4862
332 457 399 532 ιω
523 453 1046 528 Ruoouooueum

324 653 395 727 sois
427 651 566 724 demens
587 671 630 742 ‚et
654 650 913 722 theorematibus
937 649 1193 742 consequentia,
1219 665 1259 721 ut

320 781 483 875 ejusmodi
517 800 594 854 una
630 781 868 856 enunciatione
896 777 1120 872 hypothetica
1150 781 1259 850 conti·

319 929 434 980 neatur
459 915 498 1001 (1
510 926 548 998 j,
572 931 671 1002 etque
700 909 768 980 iere
794 929 895 982 nemo
927 910 992 994 sit,
1015 911 1074 1002 qui
1104 907 1146 978 de
1174 911 1261 982 veri·

323 1055 390 1120 eote
414 1041 627 1110 terminorum
648 1039 767 1130 peioris
791 1035 1096 1111 membridubitot.
1142 1036 1260 1133 Quom

324 1164 455 1238 leudem
479 1189 522 1238 nc
544 1165 677 1264 Loglca
712 1166 845 1261 quidem
868 1165 1061 1241 theoretica
1080 1187 1261 1240 consecuto

322 1315 394 1385 est,
418 1297 458 1367 ad
483 1317 580 1386 quom
609 1315 716 1368 tamen
747 1293 926 1387 aliquando
958 1297 1099 1388 aspirare
1128 1296 1261 1388 possit,

324 1427 352 1495 si
375 1426 438 1518 ipsi
462 1428 631 1519 contingat
660 1444 733 1495 esse
752 1444 854 1516 puseo
878 1444 897 1494 o
925 1409 1167 1518 Memphysicis
1197 1424 1262 1514 hy·

182 1547 189 1560 '
271 1631 274 1638 A
323 1551 538 1648 potbesibus,
558 1573 657 1646 utque
684 1553 727 1624 ub
752 1554 906 1625 omnibus
929 1556 992 1637 iis,
1015 1575 1102 1648 quae
1128 1556 1164 1626 in
1186 1573 1261 1650 gm-

322 1683 402 1754 tiom
421 1682 560 1776 aiiosjus
579 1681 860 1774 philosophomm
883 1699 991 1756 sectos
1003 1685 1038 1756 iu
1058 1703 1131 1754 eam
1154 1686 1262 1778 mep-

321 1813 433 1883 misit

368 1937 483 2032 Quone
509 1959 583 2008 suns
606 1959 760 2032 quaeque
784 1939 958 2034 discipimn
977 1939 1078 2012 hebet
1104 1939 1262 2014 enuncia·

321 2067 428 2138 tiones
454 2067 704 2158 hypotheticas,
739 2091 824 2161 quae
849 2069 1184 2143 demonstrationibus
1207 2071 1262 2141 in·

319 2196 481 2280 serviunt,
531 2217 631 2290 atquc
661 2217 702 2267 ex
734 2199 856 2290 quibus
886 2219 944 2270 suo
978 2201 1078 2271 sumit
1101 2198 1253 2286 decreto,

319 2321 378 2393 sed
402 2345 537 2418 quorum
565 2328 681 2396 veritos
709 2327 830 2418 pendet
864 2347 907 2397 ex
941 2331 1072 2432 materia
1103 2329 1262 2400 enuncie-

321 2453 470 2536 donum,
508 2453 540 2524 id
571 2474 689 2526 estex
723 2458 811 2530 notis
848 2458 1023 2530 notionum
1061 2475 1095 2528 et
1129 2475 1262 2542 renum.

322 2583 505 2675 quaeipsis
532 2585 641 2653 insunt
665 2582 745 2675 (o).
796 2583 846 2656 Ito
870 2587 898 2655 si
925 2585 1119 2657 Gcmnetciu
1136 2583 1263 2656 docete

322 2711 353 2782 'sl
377 2711 439 2783 duo
465 2711 580 2804 plana
600 2713 782 2806 parallelo
816 2731 977 2786 secantur
1004 2735 1030 2788 a
1055 2709 1158 2787 te'rtt‘o
1178 2715 1264 2808 pla-

322 2861 385 2926 no,
408 2840 656 2914 interstetisset
683 2864 800 2916 eorum
818 2845 1017 2936 parallelae
1050 2859 1151 2930 sunt,
1175 2844 1263 2916 hanc

319 2951 583 3039 enunciationem
608 2972 692 3064 petit
722 2991 765 3043 ex
790 2989 903 3044 notum
929 2972 1101 3064 plenorum
1125 2971 1265 3064 porcile·

320 3093 429 3169 lorum
446 3118 544 3190 atque
565 3093 844 3174 intersectionum.
877 3195 881 3204 ι
897 3099 1028 3172 Eodem
1052 3101 1154 3173 modo
1172 3099 1263 3192 Pny-

322 3229 410 3300 sicus
442 3230 611 3299 verinum
637 3217 894 3322 propositionis:
929 3229 970 3304 Si
1001 3235 1121 3325 corpus
1151 3230 1262 3308 libere

1174 3373 1262 3456 per-

353 3522 395 3594 (1)
414 3519 532 3592 Quintil.
552 3523 577 3576 1.
595 3543 620 3595 9.
644 3523 716 3577 idem
737 3525 935 3586 animaduertit.
972 3563 994 3592 ‚‚
1022 3525 1091 3591 llln,
1110 3527 1169 3590 tit,
1188 3543 1261 3594 pro·

315 3623 465 3690 positurum
492 3625 679 3692 quaestionum
702 3625 961 3698 (Geomcicicsrum)
981 3625 1120 3683 conclusio
1138 3643 1193 3678 non
1210 3633 1262 3679 to·

317 3726 347 3771 te
368 3722 425 3774 lenc
442 3731 546 3775 constat
568 3741 600 3776 ex
624 3725 809 3795 syllogismis?
826 3734 941 3794 propter
961 3727 1035 3796 quod
1062 3727 1155 3794 plures
1177 3727 1261 3778 invo-

316 3819 396 3885 nios,
417 3823 466 3890 qui
486 3824 652 3879 dialecticae
672 3827 805 3894 similem,
825 3843 905 3897 quom
925 3829 974 3897 qui
986 3827 1262 3882 rhetos-icosium-

319 3925 366 3972 tur
385 3918 566 3976 umentem.

355 4015 399 4091 (ι)
419 4019 528 4074 comer.
546 4039 575 4090 p.
591 4023 634 4078 s2.
