2852 4874
310 433 359 528 Q
516 422 1044 512 Pnoneuonsnn

309 632 454 717 tnnent,
493 629 714 725 adspectum,
748 651 806 704 seu
836 633 948 707 osum
986 631 1103 722 latiore
1139 653 1259 720 senet,
1316 689 1325 702 .
1405 661 1406 686 ι

310 779 350 834 ιιι
373 781 442 832 non
464 759 573 832 solum
597 760 639 833 sd
662 758 810 849 oeulos,
835 781 950 834 uerum
965 761 1017 838 'nd
1043 781 1161 836 onrues
1182 782 1256 836 sen·

309 888 559 962 msoestmmn
1204 985 1205 990 Ἰ

359 1015 527 1113 Reliquae
554 1037 666 1092 autern
692 1019 919 1118 tegrinseendl
949 1019 1143 1110 mutes,
1167 1019 1259 1104 inte·

309 1127 446 1246 ginntio
459 1167 620 1222 enecans
632 1165 738 1246 atque
746 1161 960 1244 procreans,
976 1151 1145 1226 memoria
1156 1169 1192 1224 et
1204 1153 1260 1226 in·

310 1275 507 1376 colligentia
525 1276 719 1372 producunt
738 1297 799 1365 eu,
823 1300 908 1372 quet
928 1281 1100 1353 communi
1120 1275 1258 1386 bonine

312 1409 426 1481 vocuri
449 1426 592 1502 possunt
610 1409 961 1503 repraesentationes,
984 1427 1084 1514 etque
1104 1425 1179 1481 toto
1200 1429 1259 1506 ge·
1318 1447 1321 1456 ·

310 1557 390 1612 nere
417 1559 438 1610 s
469 1539 553 1613 sitis
582 1535 750 1612 differunt.
811 1534 917 1635 Quod
951 1537 1049 1612 nobis
1083 1537 1261 1612 exhibetur

311 1666 466 1742 sensibus
494 1686 546 1740 est
577 1689 634 1741 res
654 1669 753 1764 ipsas
785 1667 881 1763 eujus
908 1669 1123 1762 praesentium
1155 1665 1261 1740 deun-

312 1814 361 1869 ιιι
384 1798 454 1886 its,
473 1815 520 1890 ut
549 1815 705 1891 quaerere
738 1817 807 1870 non
828 1796 970 1892 desert,
989 1815 1102 1870 utrum
1120 1819 1200 1872 cum
1223 1817 1260 1874 ue

312 1927 489 1998 conveniet
510 1927 619 1996 visum
641 1945 704 1997 uec
722 1945 789 2014 ue,
804 1927 963 2020 quonism
980 1923 1016 1996 id
1034 1944 1113 1998 cunr
1134 1926 1260 2020 seipse

314 2052 475 2128 coalescit
511 2054 547 2125 in
582 2073 698 2127 uuum.
757 2049 928 2151 Quamdiu
964 2053 1100 2128 senitue
1140 2057 1260 2128 mentis

313 2185 476 2272 intimus,
512 2183 601 2256 hunc
626 2202 827 2257 concentum
851 2181 1039 2256 firmissime
1070 2181 1259 2271 ιιειὶίιιιιιι,

314 2332 415 2410 utque
439 2313 519 2386 huic
542 2313 745 2408 persuasioni
770 2314 1003 2386 convenienter
1027 2314 1156 2410 egimus
1176 2311 1259 2410 (r).

316 2441 422 2517 Error
450 2442 593 2539 quidem¹
611 2460 663 2513 est
684 2461 860 2529 sensuum,
895 2445 954 2538 qui
974 2441 1122 2530 dicitur,
1156 2443 1259 2536 inpri-

317 2576 382 2648 mis
415 2573 616 2662 oculomm,
652 2571 712 2644 sed
742 2575 771 2644 is
804 2593 897 2646 error
923 2591 973 2643 est
999 2569 1258 2670 intelligentiae,

317 2725 403 2802 quae
424 2703 567 2798 judicat,
589 2700 688 2774 eliam
708 2721 780 2773 esse
800 2719 893 2786 rem,
917 2722 1017 2794 quam
1044 2721 1130 2796 quse
1149 2721 1260 2775 revere

317 2843 387 2930 sit;
411 2839 471 2931 qui
491 2855 583 2907 error
605 2832 801 2927 pierumque
822 2831 921 2903 etium
952 2829 1102 2915 tollitur,
1125 2831 1155 2903 sl
1185 2851 1260 2902 om·

317 2992 404 3056 nes,
438 2965 597 3062 quantum
633 2961 667 3034 id
701 2959 772 3034 fieri
809 2979 941 3054 potest,
978 2957 1019 3030 ed
1048 2957 1261 3068 percipiendo

318 3101 476 3192 corporo
494 3093 690 3166 udhibennsr
722 3110 855 3176 sensus,
895 3107 995 3183 nsque
1028 3089 1183 3185 cogtultus
1210 3106 1261 3161 est

318 3228 463 3311 modus,
496 3243 567 3316 quo
598 3241 739 3314 corpore
771 3219 805 3292 in
836 3239 948 3290 sensu
980 3237 1088 3314 agent.
1137 3216 1259 3292 Sensus

320 3357 480 3456 praebent
504 3349 717 3434 materiam,
748 3367 848 3441 quum
877 3365 994 3420 nectat
1021 3344 1259 3444 intelligentie,

317 3507 417 3586 etque
437 3505 480 3557 ex
501 3503 567 3578 que
587 3479 783 3576 cognoscit,
807 3475 889 3570 quid
919 3497 1057 3564 verum,
1086 3476 1169 3571 quid
1200 3474 1262 3548 lel-

1185 3625 1260 3680 mm

354 3743 396 3814 (ι)
416 3739 566 3801 Cicero,
586 3707 750 3806 quemquern*
767 3729 993 3784 Academicorum
1010 3729 1191 3794 sententiam,
1215 3727 1264 3781 ni-

315 3842 359 3898 hii
376 3857 453 3909 purus
471 3835 594 3906 percipi,
624 3835 742 3888 tirmiter
758 3830 900 3895 delendis,
919 3829 1021 3884 letetur
1044 3835 1133 3882 brnen
1161 3827 1262 3898 (need.

319 3939 433 4012 Quaeri.
453 3937 504 3990 lV.
522 3935 579 4005 ur.)
599 3951 730 3988 nonnum
746 3934 860 4002 sepiens
877 3929 938 4000 (qui
951 3927 1026 3986 uuili
1042 3930 1084 3984 rei
1100 3927 1260 4001 usseulilur)

316 4045 415 4113 nuque
430 4037 499 4092 nisis
515 4037 597 4102 cede,
616 4053 705 4106 neque
716 4050 830 4108 norsum
845 4035 982 4089 resistere.
998 4103 1001 4110 Ι
1145 4021 1149 4027 ’
