2896 4858
432 428 1171 553 Pnonrnuurun.sjrn

146 723 156 734 „
227 629 1166 728 mmydmmmmmwmmwffifflmhwwd

201 743 298 836 ‘aliis
321 763 541 834 animantibus
567 760 789 857 distinguitur.
829 759 874 832 Et
903 745 1063 856 quonianr
1083 760 1167 834 defi·

223 899 409 980 ustionem,
429 891 541 986 quoad
560 892 630 984 ejus
649 889 733 963 'fieri
757 905 891 984 potest,
926 890 1072 960 brevenn
1092 883 1166 960 esse

222 1043 380 1117 oportet,
428 1021 545 1109 nihil‚·
582 1018 676 1113 quod
712 1021 755 1091 sit
793 991 1070 1114 supervacaneurn
1109 1016 1163 1090 vei

221 1153 414 1238 abundans,
436 1153 470 1222 in
492 1171 529 1221 ea
544 1152 677 1242 reperiri
700 1149 811 1221 debut.
863 1147 955 1244 Ergo
975 1146 1064 1219 nulia
1083 1165 1164 1220 notu

220 1281 367 1356 addenda
396 1299 447 1352 est
484 1279 696 1372 praedicato,
739 1295 824 1373 quae
857 1277 925 1370 jam
958 1275 1083 1347 inclusa
1118 1281 1161 1346 sit

221 1415 285 1498 iis,
325 1431 411 1505 qnae
442 1429 594 1504 expressa
630 1427 724 1492 sunt,
763 1427 881 1477 auter
905 1409 945 1476 iis
968 1427 1089 1500 sponte
1113 1409 1165 1476 in·

220 1541 410 1636 telligatur,
446 1559 501 1611 aut
531 1547 763 1632 cbnsequatur.
815 1537 851 1608 si
874 1535 917 1608 ad
950 1535 1034 1608 hanc
1065 1553 1164 1630 tegu-

218 1667 306 1755 iant,
325 1689 424 1764 quarn
444 1665 609 1739 formula:
633 1664 804 1765 Definitio
820 1687 862 1738 ne
885 1664 932 1738 sir
957 1657 1159 1752 abundans,

125 1801 128 1806 ’
169 1849 175 1861 ,
218 1795 433 1894 pronuntiat,
455 1795 667 1885 exploramus
680 1793 905 1867 definitiones:
935 1789 1159 1889 Quadratum

216 1943 267 2002 est
288 1923 578 2024 Quadrilaterum
594 1925 778 2022 regulare,
787 1923 886 2018 cujus
898 1923 1015 1995 latera
1030 1944 1159 2018 aequa·

216 2057 269 2129 iia
303 2071 406 2144 sunrt
438 2055 814 2152 Paralielogrammum
829 2051 892 2124 'est
932 2053 1158 2148 Quadrilate·

215 2207 318 2268 rum,
343 2187 442 2281 cujus
462 2185 581 2258 latera
598 2184 749 2280 apposita
764 2163 946 2278 parallelas
969 2200 1004 2257 er
1028 2205 1158 2282 aequa·

216 2314 269 2387 iia
297 2329 398 2401 sunt,
422 2314 561 2384 vitiosae
585 2331 655 2384 esse
681 2295 909 2406 rsnuriunturt
933 2315 1044 2406 prior,
1072 2335 1159 2406 quo·

215 2444 303 2514 niatn
320 2459 398 2512 nota
420 2439 599 2537 Quadrati,
627 2459 665 2514 ut
679 2444 725 2512 sit
740 2442 935 2538 regularis,
950 2442 1016 2536 jam
1034 2444 1157 2516 indicat

214 2565 352 2641 interum
371 2569 620 2664 aequalitatem
643 2573 826 2662 posterior,
849 2575 1006 2664 quoniam
1026 2547 1068 2644 er
1086 2593 1156 2660 eo,
1257 2599 1259 2602 ·

213 2696 306 2794 quod
333 2697 432 2770 latera
456 2701 613 2791 opposita
633 2699 786 2792 parallelas
804 2720 903 2789 sunt,
919 2707 1158 2798 consequitur,t

214 2849 253 2900 ea
274 2846 346 2898 esse
358 2826 520 2921 aequalia.
548 2827 585 2898 ln
605 2827 813 2908 definitione:
830 2827 991 2904 Circuius
1003 2851 1054 2906 est
1064 2832 1157 2932 figu-

213 2977 262 3032 ra
281 2956 415 3052 plana,
440 2977 530 3050 quae
555 2957 690 3029 inclusa
711 2973 761 3029 est
781 2958 877 3031 linea
899 2983 1029 3048 curua,
1054 2965 1153 3057 cujus

119 3081 124 3090 ’
212 3087 329 3160 omnia
352 3098 489 3181 puncta
521 3105 630 3181 aeque
667 3085 802 3160 distant
837 3110 863 3162 a
892 3103 1022 3184 puncta
1065 3093 1155 3185 ejus·

213 3220 289 3292 dem
314 3215 429 3310 plani
456 3215 555 3288 intra
587 3212 765 3312 figuram,
800 3215 891 3311 qaod
916 3235 1074 3292 centrum
1103 3221 1156 3294 ds·

213 3362 318 3432 cunt,
357 3363 455 3416 notae
485 3363 628 3417 curvam
661 3345 902 3433 tricliarum,
950 3368 1049 3442 atque
1079 3373 1155 3423 aun·

211 3491 307 3550 rrum
344 3495 413 3547 erte
447 3485 633 3566 punctum.
659 3475 758 3548 irrrra
794 3471 975 3572 figuram,
1030 3479 1058 3547 si
1095 3499 1152 3556 aas

90 3657 93 3664 -
211 3607 322 3700 rigore
360 3601 580 3675 Geomettico
619 3601 766 3696 judices,
818 3605 1019 3676 abundantes
1059 3627 1152 3694 sunt,

211 3737 368 3831 quoniam
403 3751 446 3802 err
485 3729 540 3804 illa
579 3731 728 3820 distantia
773 3731 901 3826 aequali
946 3733 1013 3827 jam
1051 3733 1154 3808 effici·

211 3847 288 3980 tur,
322 3879 431 3955 neque
466 3859 585 3931 linearn
626 3879 726 3954 posse
749 3881 820 3930 esse
855 3880 999 3964 rectum,
1039 3885 1147 3968 nuque

126 4085 131 4094 ·
194 3990 243 4070 -id
278 4010 439 4085 punctum
478 4009 576 4084 posse
596 4009 677 4098 ¹essa
718 4009 807 4061 extra
842 3991 1015 4078 circuiuan.
1042 3994 1151 4078 ,Ρω-

1119 4145 1161 4196 m
