2878 4860
314 467 395 566 ,3³9
538 445 1064 524 Paoraoouturr.

317 639 426 712 omnia
452 637 555 708 officia
578 618 787 726 pervertunt,
810 637 1002 722 „bestiisque
1032 638 1133 724 magis
1168 657 1265 723 quara

315 757 503 832 hominibus
529 758 803 840 accommodatae,
835 755 968 826 rationis
989 757 1268 842 pronuntiationes

317 890 474 964 respuunt
502 889 534 942 et
566 875 709 970 irrident.
766 875 914 944 donicata
941 892 1080 943 naturae
1102 874 1148 942 ita
1169 875 1270 942 inter·

314 994 394 1064 dum
421 993 594 1061 vincuntur
615 991 784 1075 homines,
806 1006 843 1060 ut
872 1011 982 1059 eorum
1006 992 1072 1060 vita
1097 1006 1134 1060 et
1159 993 1267 1060 mo'rer

317 1111 396 1180 mire
421 1108 611 1179 dissentiant
637 1111 790 1177 scelestae
821 1109 1003 1192 doctrinae,
1036 1129 1140 1194 ,quem
1162 1109 1269 1195 pron

221 1297 226 1309 ,
317 1229 521 1314 teutur().

359 1345 451 1436 Quid
468 1343 599 1412 autern?
621 1345 711 1413 Num
732 1359 775 1414 ert
792 1345 854 1414 hoc
878 1361 1032 1427 assensu,
1054 1364 1148 1429 quern
1167 1345 1263 1412 etiam

314 1461 412 1536 inviti
435 1462 588 1547 praebent
607 1461 795 1548 philosophi
817 1461 881 1548 ipsi
901 1477 1017 1531 sensus
1027 1463 1146 1528 externi
1164 1477 1195 1528 et
1212 1461 1267 1528 in·

316 1577 400 1650 terni
421 1579 631 1665 testimonio,
653 1580 774 1648 etiamsi
795 1579 1005 1666 ingratissima
1031 1579 1112 1664 ipsis
1139 1581 1265 1648 adnuu-

317 1695 399 1779 tiat,
433 1711 531 1781 atque
549 1717 608 1782 ea,
639 1715 724 1783 quae
746 1697 879 1766 maxime
900 1699 1056 1766 contraria
1081 1713 1159 1766 sunt
1185 1699 1264 1765 dor-

318 1813 441 1898 mnae,
463 1833 557 1898 quam
582 1819 836 1901 amplectuntur,
858 1815 1028 1901 sequitur,
1050 1836 1085 1882 ea
1109 1835 1182 1882 ease
1207 1835 1265 1883 ve-

318 1948 380 2015 ra,
403 1928 523 2014 quibus
542 1949 705 1998 assensum
726 1932 816 2002 illum
835 1951 948 2020 negare
969 1951 1036 2000 non
1059 1934 1262 2017 possumus?

319 2047 465 2134 Quodsi
484 2047 527 2114 ita
547 2063 620 2130 est,
640 2067 813 2133 sensuum,
834 2052 891 2134 qui
920 2051 1024 2120 omnia
1046 2051 1080 2116 in
1102 2051 1207 2134 spatio
1229 2065 1263 2118 et

318 2175 463 2248 tempore
488 2165 672 2248 collocant,
693 2167 874 2236 restituitur
902 2169 1091 2251 auctoritas,
1115 2189 1198 2252 qnae
1217 2184 1266 2236 tt·

319 2297 394 2352 men
408 2281 526 2366 majore
543 2281 656 2348 horum
681 2283 909 2369 philophorum
930 2287 1118 2354 auctoritate
1131 2305 1262 2370 prorsus

318 2401 385 2490 jtm
414 2397 585 2466 subintret
604 2399 705 2467 deleta
727 2419 798 2468 esse
816 2401 995 2470 videbatur.
1017 2403 1132 2491 Quid?
1155 2405 1261 2472 Etiam

321 2514 357 2584 in
384 2514 511 2594 somnio
529 2515 593 2599 iis,
614 2536 696 2602 quae
719 2517 814 2584 nobis
841 2517 972 2601 videre,
993 2519 1124 2601 todire,
1145 2521 1263 2589 sentire

319 2633 487 2714 videmur,
509 2632 725 2702 firmissimum
738 2636 869 2702 eundem
887 2653 1051 2708 assensum
1068 2635 1263 2720 tribuimus,
1280 2667 1284 2674 ·

322 2771 419 2838 quem
456 2751 622 2837 vigilantes
656 2771 806 2820 sensuum
841 2753 1101 2837 perceptionibus
1130 2756 1261 2839 drmus;

320 2865 365 2934 ob
397 2886 490 2954 quem
516 2885 680 2955 assensum
709 2888 868 2936 summum
899 2869 1071 2955 gaudium,
1092 2871 1261 2956 timorem,

320 2998 472 3078 terrorem
509 2985 671 3071 percipere
710 2986 803 3054 etiam
840 2985 874 3052 in
905 2987 1032 3055 somnio
1071 3008 1261 3072 possumust

320 3119 400 3172 aum
420 3116 589 3190 propterea
609 3103 685 3170 haec
714 3123 786 3174 vert
806 3103 949 3174 habenda
969 3106 1068 3174 sunt?
1097 3107 1264 3175 Cicero

1186 3225 1259 3294 Ca·

319 3411 1259 3506 'mmmmmmmmmmmum

317 3541 409 3610 quoto
438 3532 597 3602 Epicratem
638 3565 660 3594 „
689 3527 787 3582 Nonne
807 3525 957 3596 intelligit,
988 3543 1022 3579 eo
1052 3529 1184 3600 major-erra
1205 3529 1259 3584 viu

318 3618 346 3706 ¹„
365 3647 423 3685 erae
451 3636 581 3692 naturae,
610 3625 683 3697 quod
716 3628 769 3699 ipsi
795 3643 863 3690 voa,
892 3626 942 3696 qui
968 3627 1058 3680 omniu
1086 3627 1120 3680 td
1139 3634 1259 3688 teatrum

320 3765 347 3804 „
364 3731 552 3796 commodum,
580 3737 624 3793 et,
644 3736 676 3781 ut
694 3730 749 3800 ipai
769 3726 882 3790 dicitis,
909 3725 942 3806 td
962 3725 1131 3800 voluptatem
1152 3727 1259 3780 referr-

318 3859 345 3906 ‚p
362 3833 415 3899 tia,
435 3839 523 3886 tanen
544 3847 575 3882 et
596 3829 717 3892 faciatis,
737 3846 751 3880 e
771 3827 873 3897 quibus
890 3834 1035 3900 rpparert,
1053 3843 1109 3880 noa
1128 3827 1258 3899 volupta-

318 3965 348 4004 μ
362 3937 417 3982 cern
436 3948 501 3996 vor,
520 3929 567 3983 aed
587 3929 706 3988 odicium
728 3928 828 3997 requi?
845 3926 961 4000 piusque
987 3934 1088 3980 rectam
1110 3935 1257 3992 naiman,

321 4065 344 4098 „
364 4046 446 4100 qnam
460 4030 592 4087 rtlr'onanr
613 4045 723 4104 pravam
744 4027 845 4082 valere.
861 4027 882 4053 '³
