2896 4858
412 360 933 498 incensore-eros}
1077 427 1153 524 ³397

210 616 363 692 minibus
398 616 642 712 inaequalibus
667 637 745 690 runt
784 617 861 690 aiio
891 619 997 692 cerro
1011 633 1160 717 propor-

214 752 308 823 rione
345 747 580 846 longitudinis.
653 746 768 820 Priora
798 749 857 818 trin
890 769 1020 844 genere-¹
1036 749 1161 827 indicet

217 877 339 950 divisio
357 875 573 964 Linnses,
596 897 750 972 quarturn
773 897 877 974 genus
895 881 1160 972 praetermissum
1252 885 1261 909 ‘

217 1029 284 1079 est.
347 1007 462 1103 Quare
495 1006 577 1078 hoec
612 1005 732 1078 divisio
770 1010 878 1082 minus
908 1027 970 1079 est·
991 1027 1167 1096 accurato,

218 1141 249 1208 si
281 1139 322 1208 in
345 1157 454 1208 remur
484 1153 597 1208 natura
627 1155 703 1206 sunt
732 1133 830 1209 flores
855 1137 951 1231 hujus
976 1141 1082 1231 querri
1106 1157 1165 1236 ge»
1282 1227 1285 1238 Ι

217 1267 329 1352 neris,
373 1269 436 1360 qui
463 1266 562 1338 simul
588 1265 728 1359 reliquas
760 1265 883 1337 hubent
919 1285 1036 1354 notes,'
1080 1286 1180 1362 quse,

221 1398 453 1484 enunciatione
482 1369 574 1467 sextu
602 1393 816 1466 declarentur.
868 1392 999 1492 Quodsi
1034 1398 1079 1467 irs
1119 1415 1170 1467 est

223 1526 336 1620 (quod
356 1525 591 1598 Botnnicorum
618 1521 882 1620 sirjudicium),
901 1521 1020 1596 meiius
1050 1525 1173 1602 sorte!-

218 1675 260 1725 se
298 1655 415 1727 iecerit
455 1652 702 1736 Linnseus‚
752 1652 780 1722 si
816 1651 950 1744 quidem
994 1645 1166 1722 divisionis

224 1779 486 1865 fundamentum,
509 1776 770 1873 petitumexilin
783 1783 1004 1872 proportione
1020 1777 1171 1875 lougiuss
1259 1833 1267 1852 .

225 1910 333 2002 dinis,
346 1929 474 1982 servare
496 1909 674 1996 voluisset,
691 1909 915 1981 nnnsierendo
935 1909 1020 1982 hanc
1034 1909 1170 1982 divisio·

225 2060 303 2114 nent
331 2039 371 2112 ad
388 2037 606 2130 Terrondria
628 2059 662 2110 et
680 2035 927 2126 Honondria,
950 2038 1006 2110 ruli
1028 2035 1170 2132 quedem

225 2172 459 2244 enunciatione
487 2173 674 2264 proposita:
711 2167 744 2242 T
740 2169 927 2244 corandrio
957 2188 991 2240 et
1025 2163 1174 2243 Hem

226 2301 313 2374 dria
349 2297 479 2374 itabens
512 2301 668 2373 oramina
705 2299 771 2372 duo
801 2299 966 2372 breviora
1005 2299 1174 2394 reliquis,

228 2447 293 2505 aur
318 2453 385 2503 non
407 2428 551 2503 habent.
601 2430 795 2521 systematis
811 2429 994 2524 pisntnrum
1023 2448 1094 2501 turn
1118 2426 1173 2502 io·

229 2581 302 2633 rent
317 2583 363 2632 se
378 2557 520 2647 classes,
546 2560 603 2632 sed
617 2558 740 2632 classes
757 2559 790 2633 T
785 2559 970 2633 corandrin
981 2577 1015 2630 et
1024 2556 1175 2634 Heroon·

227 2691 315 2764 driu
329 2691 376 2768 in
400 2688 485 2761 duos
506 2710 616 2764 novos
639 2689 769 2763 ordines
787 2689 910 2761 divisse
933 2673 1053 2762 essent.
1112 2717 1116 2724 ·

280 2817 408 2892 Verum
430 2797 486 2889 hic
502 2819 726 2892 subsistamus.
753 2817 977 2914 Nequaquam
1002 2820 1090 2890 eninr
1111 2839 1179 2892 no·

123 2967 130 2984 ·
231 2951 283 3022 bis
316 2952 528 3043 propositum
556 2969 627 3034 est,
654 2950 739 3022 hone
768 2949 950 3021 Linnsei
979 2948 1175 3024 diuisionem

230 3061 273 3150 ud
292 3085 427 3150 examen
447 3099 623 3167 revocare,
649 3079 706 3150 sed
731 3081 888 3172 exemplo
906 3077 1070 3160 indicere,
1096 3076 1179 3170 quid

44 3187 53 3204 ⁶
160 3217 165 3224 '
232 3211 414 3301 requiretur
445 3207 634 3303 adjustum
665 3209 822 3303 sphaerae
858 3211 1006 3304 notionis
1044 3207 1181 3286 diuisio-

232 3359 336 3424 nem;
377 3336 470 3432 quod
499 3335 689 3431 exemplum
718 3359 792 3410 earn
823 3341 928 3432 ipsam
962 3339 1009 3410 ob
1045 3357 1179 3410 crussm

232 3487 276 3539 ex
296 3463 607 3548 Linnsei'rerum
630 3467 829 3541 namraiium
851 3467 1067 3542 divisionibus
1087 3485 1179 3538 sum·

165 3633 174 3652 ·
234 3601 359 3681 simus,
383 3601 540 3688 quonism
567 3599 623 3672 hie
650 3601 702 3670 vir
730 3583 1028 3690 instantissimus
1052 3597 1086 3667 in
1110 3596 1179 3667 his·

233 3747 276 3800 ee
309 3724 500 3798 definiendis
536 3746 635 3820 atque
673 3725 856 3798 dividendis
888 3726 1058 3821 praeclare
1098 3727 1182 3798 enri-

234 3875 303 3928 ner.

285 3983 504 4078 Systernrticr
532 3983 603 4062 triis
628 3985 748 4065 divisio
773 4005 881 4062 renuo
912 3985 984 4060 boo
1003 3987 1100 4059 nnn
1131 3985 1183 4058 in·
1253 4087 1263 4108 .

1084 4131 1184 4192 com·
