2856 4862
334 475 401 535 ιω
553 453 1116 541 Pnossoomsun,

327 652 483 750 quoniam
518 647 580 722 alia
611 667 661 720 est
701 651 904 742 compositio
943 650 1254 738 Geomctticomm‚

326 780 389 852 alia
423 751 714 851 Atithmetico'ntm
740 777 968 886 Quantotum‚
1005 782 1164 852 exsistunt
1192 783 1256 852 duo

327 887 580 1005 nnifhrmitatis
603 929 756 1004 genera,
780 907 917 980 alterum
936 907 1187 996 coamentem,
1208 908 1255 980 al·

327 1053 433 1110 terum
461 1035 726 1110 Aritbmeticoe.

377 1165 467 1242 Cum
492 1185 580 1238 recta
598 1163 682 1236 linea
698 1184 871 1259 utrumque
887 1166 1056 1261 designet,
1072 1185 1106 1240 et
1126 1163 1258 1238 diaton-¹

326 1296 463 1372 sinmet
475 1296 687 1368 directionem
704 1295 847 1367 duorum
863 1309 1070 1390 punctorum
1085 1293 1142 1388 (p.
1153 1295 1261 1388 74.)‚,

327 1423 410 1494 baec
437 1426 470 1493 in
493 1421 708 1494 fundamentis
737 1425 843 1514 posita
864 1442 915 1493 est
942 1421 1120 1514 cuiuslibet
1135 1425 1264 1518 magui·-

329 1551 448 1624 tudinis
477 1570 574 1644 atque
597 1551 850 1643 compositionis
875 1548 1082 1646 Quantorum
1111 1551 1260 1623 Geome-

327 1683 496 1753 moemn
564 1675 1258 1771 DmmmemmomMmmmmi

328 1809 449 1896 tionis,
472 1807 643 1881 distantia
666 1823 781 1880 antem
804 1808 1014 1904 magnitudo.
1073 1809 1196 1880 Verum
1221 1826 1260 1878 ut

330 1935 522 2009 Geomettia
552 1955 619 2006 non
646 1934 853 2021 absolutam,
871 1935 928 2006 sed
953 1934 1116 2006 relativam
1133 1936 1261 2029 magni·

329 2065 474 2136 tudinem
485 2060 543 2158 (p.
553 2061 629 2156 5.)‚
654 2083 761 2156 neque
776 2063 960 2136 absolutum
975 2067 1007 2135 in
1024 2065 1132 2158 spatio
1143 2061 1259 2136 loctim

330 2193 410 2287 (qui
436 2212 478 2263 ne
501 2193 636 2284 concipi
667 2191 800 2284 quidem
832 2212 939 2264 mente
970 2191 1103 2285 potest)
1130 2194 1189 2263 sed
1206 2213 1260 2263 re·

329 2315 465 2393 lativum
483 2319 744 2412 contemplatum
767 2321 809 2391 ita
829 2323 926 2392 etiam
949 2321 1079 2393 nonde
1104 2315 1265 2416 absoluta

330 2449 388 2522 sed
416 2449 457 2520 de
480 2448 632 2522 relatiua
654 2448 832 2521 directione
861 2453 950 2544 agit,
976 2451 1081 2523 idest
1110 2447 1264 2524 directio

330 2599 389 2652 nes
415 2581 498 2650 inter
520 2599 555 2647 se
582 2597 772 2669 comparat,
795 2598 852 2650 aut
877 2599 932 2650 eas
956 2594 1024 2675 per
1045 2581 1189 2682 onguiot
1206 2582 1266 2653 de·

325 2705 417 2808 finit.
466 2707 588 2803 Anguli
618 2709 720 2802 igitur
747 2704 901 2804 fhrmom
930 2708 1075 2780 efficiunt
1093 2689 1264 2805 'Quanto-

331 2857 404 2911 rum
434 2835 744 2920 comannorum,
779 2857 920 2930 quorum
945 2833 1148 2908 unilonnims
1182 2856 1265 2909 con·

330 2967 414 3038 sisui
440 2967 474 3036 ln
504 2961 697 3058 aequalitate
734 2963 950 3059 angulorum,
994 2985 1080 3060 quos
1108 2966 1192 3035 inter
1227 2985 1264 3036 se

330 3091 456 3166 faciunt
477 3092 582 3165 lineae
611 3111 646 3164 et
668 3091 868 3184 superficies.
915 3089 978 3164 His
1011 3094 1155 3187 positis.
1180 3113 1265 3186 pto·

330 3223 449 3294 babilis
476 3221 514 3291 lit
539 3222 621 3292 haec
646 3217 810 3290 definitio:
835 3215 916 3292 Duo
952 3217 1096 3315 Quanta
1124 3219 1265 3294 Geome·
1317 3281 1323 3286 .

328 3353 424 3428 trica
443 3347 653 3447 uniformia,
677 3369 736 3419 sen
753 3347 806 3418 od
813 3346 969 3446 sormam
985 3349 1263 3444 nequalinsnnt,

326 3483 361 3556 ti
389 3495 504 3553 rectae
528 3477 658 3563 lineae,
696 3477 752 3550 nel
784 3478 919 3570 plano,
957 3499 1047 3574 qnoe
1083 3495 1147 3554 aut
1177 3495 1262 3552 sunt

323 3623 606 3705 polenorum,
641 3621 705 3678 aut
727 3627 816 3699 quae
840 3606 930 3698 ipsa,
969 3628 1149 3704 eorumque
1170 3620 1263 3703 par·

330 3754 381 3810 tes
392 3749 617 3829 componentes
636 3733 861 3823 (triangula,
886 3752 918 3806 et
927 3737 1128 3828 pyramides
1144 3738 1263 3810 trian-

329 3863 491 3966 gulones)
500 3864 693 3945 includunt,
707 3863 745 3933 in
758 3861 839 3934 locis
848 3859 1197 3960 homologisaequoles
1210 3864 1265 3937 in·

332 4009 387 4068 ter
403 4015 437 4066 se
443 3989 766 4089 formanoangolos.
785 3989 955 4088 Quocirca
971 3990 1054 4066 duae
1071 3990 1176 4064 lineae
1186 3991 1266 4064 unl·‘
1283 4043 1285 4048 ,

1194 4115 1262 4194 mo
