2852 4874
302 463 354 562 w
523 461 1048 546 Pnoncnoneun

350 645 524 724 Arrimodr.
557 649 613 724 De·
637 654 760 743 origine
787 652 975 723 Matheseos
1003 653 1087 722 varia
1117 655 1252 727 madun-

243 859 246 866 Α
309 783 393 840 run·
421 773 563 856 Vnum,
583 790 657 842 cum
676 789 743 840 non
771 772 876 840 minus
899 771 1124 860 intelligentiae
1144 774 1260 842 huma·

310 868 460 972 nae'sit,
481 899 632 980 numeros
648 904 747 974 atque
766 890 957 974 quantitates
978 905 1011 958 et
1030 889 1151 958 formas
1172 889 1260 960 inter

298 1023 347 1072 *se
369 997 577 1092 'comparem
599 998 693 1089 quam
716 1005 854 1092 cogitata
879 1007 1042 1076 vocabulis
1071 1006 1259 1095 designate,

308 1122 441 1190 historia
461 1139 528 1191 non
547 1122 646 1210 mans
668 1122 765 1208 hujus
785 1122 882 1206 artis,
901 1141 996 1208 quam
1015 1122 1171 1192 sermonis
1190 1123 1260 1191 ori·

308 1231 413 1324 ginem
436 1239 633 1322 adsequitur.
677 1235 817 1308 Ubinam
846 1254 897 1310 est
924 1257 1003 1326 gens
1023 1237 1085 1308 mm
1105 1239 1257 1327 barbara,

304 1356 363 1424 eui
384 1357 471 1426 nulla
494 1357 539 1426 sit
557 1357 649 1427 notio
675 1355 882 1452 quantitatis,
903 1357 1044 1444 formae,
1066 1377 1256 1444 mensurae,

244 1455 246 1460 ’
301 1473 575 1562 compositoris,
597 1491 704 1560 quae,
724 1493 797 1542 cum
818 1490 928 1544 namra
957 1477 1077 1545 aaran
1106 1477 1254 1566 digitos,

308 1609 472 1662 numerare
489 1609 624 1678 prorsus
643 1591 803 1677 nequeat?
825 1591 989 1682 Quamvis¹
1002 1611 1080 1682 gens
1100 1597 1254 1681 quaedam

304 1705 486 1796 Thraciae,
508 1709 597 1794 quod
617 1722 721 1778 narrat
748 1709 963 1794 Aristoteles,
984 1729 1052 1780 non
1072 1713 1155 1780 ultra
1175 1731 1256 1796 qua·

308 1840 383 1896 tuor
408 1827 445 1894 in
465 1825 658 1903 numerando
684 1825 832 1913 progredi
861 1841 998 1911 posset,-
1030 1827 1084 1894 illa
1109 1845 1257 1896 numera·

307 1944 357 2009 vit
377 1958 504 2026 mmear,
524 1955 622 2028 atque
639 1942 679 2010 ab
705 1943 754 2012 his
772 1941 872 2011 initiis
890 1923 1059 2031 prosecta,
1079 1943 1118 2012 acl
1134 1947 1254 2031 majora

306 2059 474 2144 pervmlre
501 2058 622 2146 potuit.
665 2059 739 2128 Alia
770 2076 874 2128 autem
905 2061 1052 2145 quaestio
1075 2074 1151 2144 est,
1178 2061 1273 2128 ubi·¹

305 2196 394 2254 nam,
413 2179 503 2266 prius
535 2176 570 2246 in
601 2177 785 2268 disciplinae
821 2175 955 2247 sormam
995 2179 1117 2246 redacta
1151 2177 1252 2247 fuerit

307 2295 490 2380 Mathesls,
510 2296 638 2366 rutubi
656 2296 791 2381 primum
811 2311 1012 2382 perspectum
1028 2295 1126 2364 fuerit
1139 2294 1253 2364 mirifi-

304 2431 378 2480 cum
399 2411 478 2480 illud
493 2411 682 2495 vinculum,
703 2431 769 2496 quo
796 2414 867 2498 eJus
892 2428 1058 2500 praecepta
1081 2412 1251 2482 continctr-
1293 2442 1296 2450 ·

233 2528 236 2539 '
304 2539 382 2614 tur,
402 2530 446 2599 ita
467 2541 504 2598 ut
523 2529 610 2599 aliud
632 2529 713 2598 alus
739 2528 783 2598 sit
803 2545 1018 2613 consequens.
1061 2530 1250 2600 Arithmeti·
1293 2565 1296 2570 ·

301 2667 363 2718 cua
384 2647 567 2732 disciplinae
595 2647 811 2716 inventionem
844 2647 1079 2730 Phoenicibus,
1111 2649 1171 2736 (ι.)
1209 2663 1249 2716 ut

282 2766 554 2847 mercatoribus,
575 2764 795 2834 Geometritae
823 2779 928 2834 autem
958 2763 1130 2853 Aegyptiis
1157 2741 1246 2852 (a),

298 2895 434 2970 propter
462 2885 600 2952 eluviem
619 2882 712 2968 Nili,
733 2883 823 2950 multi
844 2883 1002 2950 tribuunt.
1047 2880 1110 2950 Sed
1129 2896 1247 2950 utcum-

301 3023 367 3087 que
388 3017 459 3090 est,
493 3007 575 3088 qriae
595 2999 689 3070 mobis
715 3019 754 3070 ex
777 2999 964 3084 antiquitate
990 3013 1087 3068 restat
1106 2998 1247 3067 Geone·

178 3151 181 3158 ,
299 3119 384 3204 tria,
406 3121 535 3190 Graeca
559 3136 609 3188 est
632 3119 808 3204 disciplina.
851 3119 956 3205 Quam
986 3117 1026 3185 ad
1055 3135 1116 3186 nos
1140 3131 1247 3184 trans·

299 3235 387 3304 misit
416 3234 565 3306 Euclides
586 3233 800 3305 Geometriam
828 3237 1069 3317 elementarem,
1096 3253 1131 3302 ea
1151 3252 1244 3319 prae·

296 3356 416 3450 elutum
442 3368 492 3420 est
521 3353 743 3422 documentum
775 3351 951 3438 sagacitatis
979 3351 1117 3434 mentis,
1143 3365 1243 3436 atque

298 3467 504 3552 subtilitatis,
537 3489 599 3554 qua
629 3469 712 3536 inter
741 3487 851 3536 omnes
880 3484 990 3554 gentes
1022 3467 1156 3537 maxime
1185 3487 1242 3536 ex·

289 3589 470 3657 calluerunt
498 3585 626 3656 Graeci.
675 3587 712 3653 ln
744 3585 955 3655 Arithmetica
983 3599 1111 3670 autem,
1145 3604 1240 3669 quam

1166 3720 1241 3788 W·

330 3904 375 3978 (ι)
393 3907 567 3973 sarano,
594 3907 696 3979 Ganga.
716 3908 796 3964 Liba.
816 3925 859 3981 ²7·

234 4071 236 4074 .
332 4007 804 4081 iolfleroaoaur‚·1l.roq.
839 4007 968 4100 Plato.
1005 4002 1234 4070 Phaedrus,

292 4107 359 4164 dli.
374 4107 434 4178 Rip.
452 4124 511 4180 pag.
530 4109 590 4182 329.
1091 4117 1094 4124 ’
