2896 4858
353 427 432 533 iisd
576 435 1110 518 intendentia.

352 655 402 706 aa
414 632 597 724 'paratam
640 632 732 711 ailina,
751 631 917 708 distantiat
932 635 985 732 ¹ad
1005 635 1066 704 iata
1092 639 1302 712 tedstcttntnt.

360 749 409 820 tn
433 751 590 822 ditantia
619 757 758 852 carparis
779 773 802 816 a
822 767 958 840 puncto,
990 755 1077 842 quad
1104 755 1203 824 etiam
1231 755 1306 834 dici·

360 881 435 954 tur,
457 883 506 938 est
527 869 674 938 distantia
704 870 803 936 centri
822 865 1049 953 magnitudinis
1084 888 1140 942 atat
1174 875 1307 956 gratita·

361 988 404 1056 tis
441 988 587 1074 corporis
612 1007 630 1054 a
659 1001 801 1072 puncto,
824 1003 920 1072 atque
949 985 1046 1071 igitur
1080 1004 1128 1056 est
1159 991 1306 1064 distantia

353 1081 473 1190 'pineti
493 1125 512 1172 a
531 1084 665 1189 puncto.
706 1105 755 1170 Ita
776 1105 867 1170 etiam
894 1103 1079 1190 distantiae,
1100 1127 1186 1192 quae
1208 1130 1308 1199 anga-

361 1225 446 1314 larts
476 1221 645 1304 dicuntur,
689 1225 798 1306 quales
825 1235 901 1288 sunt
932 1221 1090 1289 distantia
1120 1243 1304 1314 apparens,

360 1355 457 1424 atque
482 1341 516 1407 in
546 1340 713 1424 superficie
740 1323 930 1423 sphaerae,¹
956 1338 1113 1407 distantia
1138 1345 1258 1430 puncti
1283 1363 1304 1408 a

354 1469 497 1548 paracta,
517 1469 540 1524 it
559 1457 696 1539 circam,
718 1470 798 1524 caet.
843 1456 1002 1524 Universe
1016 1473 1139 1525 'omnes
1168 1453 1306 1527 Geome-

354 1573 459 1644 nicae
476 1575 642 1643 distantiae
666 1576 778 1644 ultimo
803 1575 878 1642 loeo
904 1571 1085 1644 referuntur
1100 1579 1141 1644 ad
1163 1577 1304 1645 illudin-

358 1695 551 1775 madium,
573 1695 733 1778 quodest
751 1695 833 1760 inter
857 1693 923 1761 dno
947 1707 1077 1778 puncta.

410 2005 445 2100 ς.
468 2027 528 2102 72.
571 2005 631 2079 De
653 2006 907 2099 declaratione,
940 2020 1047 2105 atque
1071 2012 1111 2083 dc
1133 1996 1284 2112 defini?

546 2183 550 2190 ·
604 2179 608 2186 ·
673 2132 790 2210 *tinae
812 2131 970 2212 notionis.
1080 2225 1086 2235 ι

306 2499 310 2506 ,
411 2417 463 2500 Ut
496 2437 622 2521 partes
654 2423 824 2523 sphaerae
862 2427 1010 2499 notionis
1043 2451 1068 2500 n
1103 2449 1166 2523 per
1203 2449 1301 2502 enan·

360 2557 538 2629 monent
563 2557 777 2652 disjunctam,
802 2561 847 2628 ita
868 2557 1113 2654 argumentum
1142 2560 1216 2654 ejus
1244 2575 1300 2654 per

332 2685 626 2770 :enunciationem
651 2684 886 2784 Categoricam
913 2685 1051 2760 indicari
1073 2685 1187 2778 solet,
1218 2705 1299 2786 quae

359 2815 554 2895 dannaia
587 2815 732 2894 notionis
768 2815 835 2888 dici
858 2816 1001 2913 'potest,
1050 2814 1218 2912 hujusque
1253 2830 1299 2886 est

323 2943 505 3022 ,iamnes
559 2939 740 3042 Quodlibet
776 2941 826 3018 N
852 2962 904 3020 est
936 2945 1014 3034 (aut
1049 2945 1149 3018 habet
1186 2939 1299 3036 notas)

328 3119 333 3126 ·
360 3047 411 3164 i,
435 3073 478 3162 b..
500 3095 540 3160 c,
564 3073 702 3163 d...,·
725 3073 784 3154 ubi
802 3069 1102 3168 subjectumNest
1120 3092 1297 3172 rea,.qnae

358 3205 499 3278 notiam
522 3227 546 3276 n
563 3201 778 3299 intelligitura
803 3224 843 3292 a,
868 3203 914 3290 b,
937 3223 984 3291 c,
1008 3202 1031 3274 d
1054 3252 1117 3278 ...
1142 3225 1223 3284 stant
1242 3225 1299 3278 nn

362 3349 414 3408 tae
445 3331 544 3428 hujus
574 3333 732 3406 notionis.
780 3330 870 3406 Cum
899 3351 1008 3408 tutent
1043 3331 1128 3406 naec
1158 3333 1299 3408 declaras

361 3465 412 3544 tio
441 3481 499 3538 aut
537 3481 654 3536 omnes
692 3479 749 3533 aut
780 3457 974 3547 nonnullas,
1018 3479 1076 3531 ant
1107 3461 1299 3534 damnant

358 3611 418 3668 ant
445 3592 615 3681 samnitas,
640 3609 696 3663 ant
723 3593 864 3664 internas
900 3608 956 3661 ant
979 3607 1127 3662 externas
1152 3589 1298 3687 designa·

358 3741 397 3798 te
416 3725 534 3818 possit
563 3742 680 3809 notas,
718 3720 825 3792 varim
863 3737 940 3792 sunt
981 3717 1053 3814 ejus
1084 3721 1222 3792 virtutes
1266 3731 1299 3788 et

360 3869 491 3950 genem
554 3847 680 3926 Verum
712 3851 798 3922 inter
825 3847 908 3921 haec
941 3846 1068 3922 diversa
1105 3847 1296 3923 declaratio·

361 4000 441 4056 nnat
475 3999 595 4078 genem
629 3977 714 4054 illud
747 3983 833 4078 intes
859 3981 973 4063 annia
1000 3977 1158 4068 catellis,
1202 3996 1297 4075 atque

1238 4127 1299 4182 no·
