<?xml version="1.0" encoding="UTF-8"?>
<!DOCTYPE html PUBLIC "-//W3C//DTD XHTML 1.0 Transitional//EN"
    "http://www.w3.org/TR/xhtml1/DTD/xhtml1-transitional.dtd">
<html xmlns="http://www.w3.org/1999/xhtml" xml:lang="en" lang="en">
 <head>
  <title>
</title>
<meta http-equiv="Content-Type" content="text/html;charset=utf-8" />
  <meta name='ocr-system' content='tesseract 3.04.00' />
  <meta name='ocr-capabilities' content='ocr_page ocr_carea ocr_par ocr_line ocrx_word'/>
</head>
<body>
  <div class='ocr_page' id='page_1' title='image "./elementamathese01schrgoog_0046.png"; bbox 0 0 2852 4874; ppageno 0'>
   <div class='ocr_carea' id='block_1_1' title="bbox 294 413 1132 544">
    <p class='ocr_par' dir='ltr' id='par_1_1' title="bbox 294 413 1132 544">
     <span class='ocr_line' id='line_1_1' title="bbox 294 413 1132 544; baseline 0.005 -26"><span class='ocrx_word' id='word_1_1' title='bbox 294 460 340 544; x_wconf 56' lang='grc' dir='ltr'><strong><em>φ</em></strong></span> <span class='ocrx_word' id='word_1_2' title='bbox 509 443 1025 539; x_wconf 67' lang='lat' dir='ltr'><strong>Pnonronnnun</strong></span> <span class='ocrx_word' id='word_1_3' title='bbox 1128 413 1132 420; x_wconf 33' lang='lat'>⁸</span> 
     </span>
    </p>
   </div>
   <div class='ocr_carea' id='block_1_2' title="bbox 265 635 1234 996">
    <p class='ocr_par' dir='ltr' id='par_1_2' title="bbox 265 635 1234 996">
     <span class='ocr_line' id='line_1_2' title="bbox 293 635 1231 738; baseline 0.002 -24"><span class='ocrx_word' id='word_1_4' title='bbox 293 653 400 736; x_wconf 77' lang='lat' dir='ltr'><strong>utque·</strong></span> <span class='ocrx_word' id='word_1_5' title='bbox 416 638 622 727; x_wconf 73' lang='lat' dir='ltr'><strong>illustranda,</strong></span> <span class='ocrx_word' id='word_1_6' title='bbox 654 635 832 735; x_wconf 83' lang='lat' dir='ltr'><strong>plurimum</strong></span> <span class='ocrx_word' id='word_1_7' title='bbox 848 640 954 717; x_wconf 80' lang='lat' dir='ltr'><strong>rulrt&#39;</strong></span> <span class='ocrx_word' id='word_1_8' title='bbox 969 635 1148 716; x_wconf 79' lang='lat' dir='ltr'><strong>Muthesis&#39;</strong></span> <span class='ocrx_word' id='word_1_9' title='bbox 1165 665 1231 738; x_wconf 89' lang='lat' dir='ltr'><strong>pu·</strong></span> 
     </span>
     <span class='ocr_line' id='line_1_3' title="bbox 265 771 1233 867; baseline 0.005 -25"><span class='ocrx_word' id='word_1_10' title='bbox 265 773 269 780; x_wconf 89' lang='lat'>&#39;</span> <span class='ocrx_word' id='word_1_11' title='bbox 293 791 351 857; x_wconf 86' lang='lat' dir='ltr'><strong>rr,</strong></span> <span class='ocrx_word' id='word_1_12' title='bbox 375 789 451 842; x_wconf 85' lang='lat' dir='ltr'><strong>sunt</strong></span> <span class='ocrx_word' id='word_1_13' title='bbox 480 790 659 865; x_wconf 88' lang='lat' dir='ltr'><strong>corporum</strong></span> <span class='ocrx_word' id='word_1_14' title='bbox 682 773 877 844; x_wconf 85' lang='lat' dir='ltr'><strong>terrestrium</strong></span> <span class='ocrx_word' id='word_1_15' title='bbox 901 771 1091 860; x_wconf 82' lang='lat' dir='ltr'><strong>volumina,</strong></span> <span class='ocrx_word' id='word_1_16' title='bbox 1116 793 1233 867; x_wconf 81' lang='lat' dir='ltr'><strong>suptr-</strong></span> 
     </span>
     <span class='ocr_line' id='line_1_4' title="bbox 293 895 1234 996; baseline 0.001 -25"><span class='ocrx_word' id='word_1_17' title='bbox 293 899 404 985; x_wconf 78' lang='lat' dir='ltr'><strong>ucles,</strong></span> <span class='ocrx_word' id='word_1_18' title='bbox 418 897 563 996; x_wconf 78' lang='lat' dir='ltr'><strong>figurae,</strong></span> <span class='ocrx_word' id='word_1_19' title='bbox 586 917 686 992; x_wconf 82' lang='lat' dir='ltr'><strong>utque</strong></span> <span class='ocrx_word' id='word_1_20' title='bbox 706 895 898 992; x_wconf 79' lang='lat' dir='ltr'><strong>intervulln3</strong></span> <span class='ocrx_word' id='word_1_21' title='bbox 921 901 1086 988; x_wconf 75' lang='lat' dir='ltr'><strong>unitates,</strong></span> <span class='ocrx_word' id='word_1_22' title='bbox 1100 919 1234 972; x_wconf 83' lang='lat' dir='ltr'><strong>earum·</strong></span> 
     </span>
    </p>
   </div>
   <div class='ocr_carea' id='block_1_3' title="bbox 140 1029 1233 1122">
    <p class='ocr_par' dir='ltr' id='par_1_3' title="bbox 140 1029 1233 1122">
     <span class='ocr_line' id='line_1_5' title="bbox 140 1029 1233 1122; baseline 0.005 -26"><span class='ocrx_word' id='word_1_23' title='bbox 140 1055 143 1066; x_wconf 90' lang='lat'>·</span> <span class='ocrx_word' id='word_1_24' title='bbox 230 1077 235 1088; x_wconf 75' lang='lat'>.</span> <span class='ocrx_word' id='word_1_25' title='bbox 291 1047 359 1122; x_wconf 86' lang='lat' dir='ltr'><strong>que</strong></span> <span class='ocrx_word' id='word_1_26' title='bbox 375 1031 476 1122; x_wconf 83' lang='lat' dir='ltr'><strong>copia</strong></span> <span class='ocrx_word' id='word_1_27' title='bbox 498 1029 569 1100; x_wconf 82' lang='lat' dir='ltr'><strong>sire</strong></span> <span class='ocrx_word' id='word_1_28' title='bbox 591 1029 739 1116; x_wconf 81' lang='lat' dir='ltr'><strong>numeri,</strong></span> <span class='ocrx_word' id='word_1_29' title='bbox 762 1047 844 1122; x_wconf 79' lang='lat' dir='ltr'><strong>quus</strong></span> <span class='ocrx_word' id='word_1_30' title='bbox 870 1047 929 1100; x_wconf 82' lang='lat' dir='ltr'><strong>rut</strong></span> <span class='ocrx_word' id='word_1_31' title='bbox 947 1045 1080 1114; x_wconf 80' lang='lat' dir='ltr'><strong>nutum,</strong></span> <span class='ocrx_word' id='word_1_32' title='bbox 1102 1048 1158 1099; x_wconf 82' lang='lat' dir='ltr'><strong>nur</strong></span> <span class='ocrx_word' id='word_1_33' title='bbox 1180 1031 1233 1102; x_wconf 87' lang='lat' dir='ltr'><strong>vi·</strong></span> 
     </span>
    </p>
   </div>
   <div class='ocr_carea' id='block_1_4' title="bbox 277 1154 1306 2524">
    <p class='ocr_par' dir='ltr' id='par_1_4' title="bbox 277 1154 1306 2524">
     <span class='ocr_line' id='line_1_6' title="bbox 292 1154 1306 1254; baseline -0.002 -24"><span class='ocrx_word' id='word_1_34' title='bbox 292 1176 327 1230; x_wconf 84' lang='lat' dir='ltr'><strong>ta</strong></span> <span class='ocrx_word' id='word_1_35' title='bbox 354 1158 490 1252; x_wconf 78' lang='lat' dir='ltr'><strong>praebet</strong></span> <span class='ocrx_word' id='word_1_36' title='bbox 523 1156 675 1248; x_wconf 78' lang='lat' dir='ltr'><strong>socialis3</strong></span> <span class='ocrx_word' id='word_1_37' title='bbox 711 1175 843 1252; x_wconf 81' lang='lat' dir='ltr'><strong>tempus</strong></span> <span class='ocrx_word' id='word_1_38' title='bbox 876 1157 1015 1253; x_wconf 71' lang='lat' dir='ltr'><strong>eiusque</strong></span> <span class='ocrx_word' id='word_1_39' title='bbox 1036 1154 1230 1246; x_wconf 76' lang='lat' dir='ltr'><strong>divisionis3</strong></span> <span class='ocrx_word' id='word_1_40' title='bbox 1299 1235 1306 1254; x_wconf 31' lang='lat' dir='ltr'>x</span> 
     </span>
     <span class='ocr_line' id='line_1_7' title="bbox 292 1269 1233 1382; baseline 0.004 -24"><span class='ocrx_word' id='word_1_41' title='bbox 292 1303 403 1358; x_wconf 85' lang='lat' dir='ltr'><strong>motus</strong></span> <span class='ocrx_word' id='word_1_42' title='bbox 428 1269 624 1379; x_wconf 88' lang='lat' dir='ltr'><strong>corporum</strong></span> <span class='ocrx_word' id='word_1_43' title='bbox 641 1287 862 1374; x_wconf 85' lang='lat' dir='ltr'><strong>terrestrium,</strong></span> <span class='ocrx_word' id='word_1_44' title='bbox 894 1305 998 1358; x_wconf 79' lang='lat' dir='ltr'><strong>terrae</strong></span> <span class='ocrx_word' id='word_1_45' title='bbox 1020 1288 1146 1382; x_wconf 80' lang='lat' dir='ltr'><strong>ipsius.</strong></span> <span class='ocrx_word' id='word_1_46' title='bbox 1180 1306 1233 1362; x_wconf 83' lang='lat' dir='ltr'><strong>ut·</strong></span> 
     </span>
     <span class='ocr_line' id='line_1_8' title="bbox 292 1413 1230 1511; baseline 0.001 -24"><span class='ocrx_word' id='word_1_47' title='bbox 292 1435 359 1511; x_wconf 88' lang='lat' dir='ltr'><strong>que</strong></span> <span class='ocrx_word' id='word_1_48' title='bbox 376 1433 560 1499; x_wconf 72' lang='lat' dir='ltr'><strong>urtrorumt</strong></span> <span class='ocrx_word' id='word_1_49' title='bbox 578 1417 682 1502; x_wconf 81' lang='lat' dir='ltr'><strong>virts,</strong></span> <span class='ocrx_word' id='word_1_50' title='bbox 697 1434 755 1488; x_wconf 81' lang='lat' dir='ltr'><strong>rut</strong></span> <span class='ocrx_word' id='word_1_51' title='bbox 770 1431 899 1488; x_wconf 87' lang='lat' dir='ltr'><strong>motum</strong></span> <span class='ocrx_word' id='word_1_52' title='bbox 921 1433 978 1488; x_wconf 82' lang='lat' dir='ltr'><strong>rut</strong></span> <span class='ocrx_word' id='word_1_53' title='bbox 997 1413 1230 1510; x_wconf 79' lang='lat' dir='ltr'><strong>aequilibrium</strong></span> 
     </span>
     <span class='ocr_line' id='line_1_9' title="bbox 291 1543 1230 1640; baseline -0.002 -22"><span class='ocrx_word' id='word_1_54' title='bbox 291 1545 490 1632; x_wconf 58' lang='lat' dir='ltr'><strong>efficientem</strong></span> <span class='ocrx_word' id='word_1_55' title='bbox 522 1545 672 1638; x_wconf 78' lang='lat' dir='ltr'><strong>inprimis</strong></span> <span class='ocrx_word' id='word_1_56' title='bbox 703 1544 755 1616; x_wconf 86' lang='lat' dir='ltr'><strong>vis</strong></span> <span class='ocrx_word' id='word_1_57' title='bbox 786 1543 979 1640; x_wconf 78' lang='lat' dir='ltr'><strong>gmvitrtis,&#39;</strong></span> <span class='ocrx_word' id='word_1_58' title='bbox 999 1545 1230 1634; x_wconf 76' lang='lat' dir='ltr'><strong>utu-actionis,</strong></span> 
     </span>
     <span class='ocr_line' id='line_1_10' title="bbox 290 1671 1233 1770; baseline -0.001 -23"><span class='ocrx_word' id='word_1_59' title='bbox 290 1675 509 1763; x_wconf 82' lang='lat' dir='ltr'><strong>elusticitatis,</strong></span> <span class='ocrx_word' id='word_1_60' title='bbox 533 1691 633 1770; x_wconf 79' lang='lat' dir='ltr'><strong>utque</strong></span> <span class='ocrx_word' id='word_1_61' title='bbox 655 1691 737 1768; x_wconf 80' lang='lat' dir='ltr'><strong>quur</strong></span> <span class='ocrx_word' id='word_1_62' title='bbox 762 1691 904 1765; x_wconf 78' lang='lat' dir='ltr'><strong>corporo</strong></span> <span class='ocrx_word' id='word_1_63' title='bbox 925 1673 1019 1766; x_wconf 85' lang='lat' dir='ltr'><strong>ipsu,</strong></span> <span class='ocrx_word' id='word_1_64' title='bbox 1043 1671 1233 1748; x_wconf 78' lang='lat' dir='ltr'><strong>muchime·</strong></span> 
     </span>
     <span class='ocr_line' id='line_1_11' title="bbox 277 1800 1230 1900; baseline 0 -24"><span class='ocrx_word' id='word_1_65' title='bbox 277 1825 379 1900; x_wconf 83' lang='lat' dir='ltr'><strong>quc,</strong></span> <span class='ocrx_word' id='word_1_66' title='bbox 404 1823 475 1876; x_wconf 83' lang='lat' dir='ltr'><strong>arte</strong></span> <span class='ocrx_word' id='word_1_67' title='bbox 504 1800 697 1889; x_wconf 80' lang='lat' dir='ltr'><strong>coniectae,</strong></span> <span class='ocrx_word' id='word_1_68' title='bbox 721 1821 784 1875; x_wconf 85' lang='lat' dir='ltr'><strong>suo</strong></span> <span class='ocrx_word' id='word_1_69' title='bbox 812 1821 907 1874; x_wconf 89' lang='lat' dir='ltr'><strong>mom</strong></span> <span class='ocrx_word' id='word_1_70' title='bbox 931 1803 1089 1874; x_wconf 75' lang='lat' dir='ltr'><strong>excitant·</strong></span> <span class='ocrx_word' id='word_1_71' title='bbox 1137 1801 1230 1876; x_wconf 89' lang='lat' dir='ltr'><strong>Cum</strong></span> 
     </span>
     <span class='ocr_line' id='line_1_12' title="bbox 291 1929 1229 2026; baseline 0.002 -21"><span class='ocrx_word' id='word_1_72' title='bbox 291 1954 374 2008; x_wconf 88' lang='lat' dir='ltr'><strong>vero</strong></span> <span class='ocrx_word' id='word_1_73' title='bbox 409 1931 491 2004; x_wconf 83' lang='lat' dir='ltr'><strong>alius</strong></span> <span class='ocrx_word' id='word_1_74' title='bbox 513 1933 555 2003; x_wconf 89' lang='lat' dir='ltr'><strong>sit</strong></span> <span class='ocrx_word' id='word_1_75' title='bbox 578 1948 713 2018; x_wconf 86' lang='lat' dir='ltr'><strong>motus,</strong></span> <span class='ocrx_word' id='word_1_76' title='bbox 732 1950 765 2001; x_wconf 90' lang='lat' dir='ltr'><strong>et</strong></span> <span class='ocrx_word' id='word_1_77' title='bbox 790 1929 1021 2026; x_wconf 77' lang='lat' dir='ltr'><strong>aequilibrium</strong></span> <span class='ocrx_word' id='word_1_78' title='bbox 1045 1951 1229 2026; x_wconf 84' lang='lat' dir='ltr'><strong>corporum</strong></span> 
     </span>
     <span class='ocr_line' id='line_1_13' title="bbox 291 2057 1231 2164; baseline -0.001 -31"><span class='ocrx_word' id='word_1_79' title='bbox 291 2061 501 2164; x_wconf 77' lang='lat' dir='ltr'><strong>solidorum,</strong></span> <span class='ocrx_word' id='word_1_80' title='bbox 539 2059 621 2132; x_wconf 81' lang='lat' dir='ltr'><strong>alius</strong></span> <span class='ocrx_word' id='word_1_81' title='bbox 657 2058 857 2154; x_wconf 85' lang='lat' dir='ltr'><strong>liquorum,</strong></span> <span class='ocrx_word' id='word_1_82' title='bbox 892 2057 977 2133; x_wconf 81' lang='lat' dir='ltr'><strong>nllus</strong></span> <span class='ocrx_word' id='word_1_83' title='bbox 1019 2063 1154 2154; x_wconf 79' lang='lat' dir='ltr'><strong>vaporis</strong></span> <span class='ocrx_word' id='word_1_84' title='bbox 1193 2079 1231 2133; x_wconf 82' lang='lat' dir='ltr'><strong>et</strong></span> 
     </span>
     <span class='ocr_line' id='line_1_14' title="bbox 291 2185 1235 2287; baseline 0 -25"><span class='ocrx_word' id='word_1_85' title='bbox 291 2192 395 2280; x_wconf 73' lang='lat' dir='ltr'><strong>uiris,</strong></span> <span class='ocrx_word' id='word_1_86' title='bbox 431 2188 514 2262; x_wconf 84' lang='lat' dir='ltr'><strong>nlius</strong></span> <span class='ocrx_word' id='word_1_87' title='bbox 549 2185 667 2264; x_wconf 84' lang='lat' dir='ltr'><strong>caloris</strong></span> <span class='ocrx_word' id='word_1_88' title='bbox 701 2209 801 2283; x_wconf 85' lang='lat' dir='ltr'><strong>utque</strong></span> <span class='ocrx_word' id='word_1_89' title='bbox 829 2187 939 2278; x_wconf 86' lang='lat' dir='ltr'><strong>lucis,</strong></span> <span class='ocrx_word' id='word_1_90' title='bbox 976 2205 1093 2287; x_wconf 77' lang='lat' dir='ltr'><strong>magna</strong></span> <span class='ocrx_word' id='word_1_91' title='bbox 1124 2188 1235 2264; x_wconf 87' lang='lat' dir='ltr'><strong>oritur</strong></span> 
     </span>
     <span class='ocr_line' id='line_1_15' title="bbox 291 2313 1235 2416; baseline 0.003 -25"><span class='ocrx_word' id='word_1_92' title='bbox 291 2319 388 2416; x_wconf 82' lang='lat' dir='ltr'><strong>hujus</strong></span> <span class='ocrx_word' id='word_1_93' title='bbox 407 2315 601 2414; x_wconf 81' lang='lat' dir='ltr'><strong>disciplinae</strong></span> <span class='ocrx_word' id='word_1_94' title='bbox 621 2319 765 2412; x_wconf 85' lang='lat' dir='ltr'><strong>portium</strong></span> <span class='ocrx_word' id='word_1_95' title='bbox 786 2313 976 2402; x_wconf 82' lang='lat' dir='ltr'><strong>diversitos,</strong></span> <span class='ocrx_word' id='word_1_96' title='bbox 994 2339 1094 2415; x_wconf 78' lang='lat' dir='ltr'><strong>quarn</strong></span> <span class='ocrx_word' id='word_1_97' title='bbox 1113 2319 1235 2416; x_wconf 81' lang='lat' dir='ltr'><strong>prucis·</strong></span> 
     </span>
     <span class='ocr_line' id='line_1_16' title="bbox 292 2445 1052 2524; baseline -0.003 -1"><span class='ocrx_word' id='word_1_98' title='bbox 292 2469 551 2524; x_wconf 85' lang='lat' dir='ltr'><strong>commemorare</strong></span> <span class='ocrx_word' id='word_1_99' title='bbox 569 2469 589 2520; x_wconf 80' lang='lat' dir='ltr'><strong>n</strong></span> <span class='ocrx_word' id='word_1_100' title='bbox 604 2467 642 2522; x_wconf 83' lang='lat' dir='ltr'><strong>re</strong></span> <span class='ocrx_word' id='word_1_101' title='bbox 662 2469 731 2523; x_wconf 91' lang='lat' dir='ltr'><strong>non</strong></span> <span class='ocrx_word' id='word_1_102' title='bbox 751 2445 893 2522; x_wconf 80' lang='lat' dir='ltr'><strong>alienum</strong></span> <span class='ocrx_word' id='word_1_103' title='bbox 914 2447 1052 2524; x_wconf 83' lang='lat' dir='ltr'><strong>videon.</strong></span> 
     </span>
    </p>
   </div>
   <div class='ocr_carea' id='block_1_5' title="bbox 374 2735 1140 2850">
    <p class='ocr_par' dir='ltr' id='par_1_5' title="bbox 374 2735 1140 2850">
     <span class='ocr_line' id='line_1_17' title="bbox 374 2735 1140 2850; baseline 0.001 -36"><span class='ocrx_word' id='word_1_104' title='bbox 374 2742 406 2836; x_wconf 78' lang='grc' dir='ltr'><strong>ς.</strong></span> <span class='ocrx_word' id='word_1_105' title='bbox 431 2762 489 2850; x_wconf 70' lang='lat'><strong>²5·</strong></span> <span class='ocrx_word' id='word_1_106' title='bbox 513 2737 572 2812; x_wconf 81' lang='lat' dir='ltr'><strong>De</strong></span> <span class='ocrx_word' id='word_1_107' title='bbox 593 2735 794 2822; x_wconf 74' lang='lat' dir='ltr'><strong>Matbcseor</strong></span> <span class='ocrx_word' id='word_1_108' title='bbox 811 2741 951 2820; x_wconf 67' lang='lat' dir='ltr'><strong>mixtae.</strong></span> <span class='ocrx_word' id='word_1_109' title='bbox 961 2739 1140 2836; x_wconf 72' lang='lat' dir='ltr'><strong>parribus.</strong></span> 
     </span>
    </p>
   </div>
   <div class='ocr_carea' id='block_1_6' title="bbox 284 3027 1240 4264">
    <p class='ocr_par' dir='ltr' id='par_1_6' title="bbox 289 3027 1230 3384">
     <span class='ocr_line' id='line_1_18' title="bbox 337 3027 1230 3128; baseline 0.004 -26"><span class='ocrx_word' id='word_1_110' title='bbox 337 3029 567 3128; x_wconf 72' lang='lat' dir='ltr'><strong>Quaecunque</strong></span> <span class='ocrx_word' id='word_1_111' title='bbox 592 3027 737 3103; x_wconf 85' lang='lat' dir='ltr'><strong>Muthesi</strong></span> <span class='ocrx_word' id='word_1_112' title='bbox 762 3049 845 3128; x_wconf 84' lang='lat' dir='ltr'><strong>pum</strong></span> <span class='ocrx_word' id='word_1_113' title='bbox 865 3034 1013 3106; x_wconf 87' lang='lat' dir='ltr'><strong>nituntur</strong></span> <span class='ocrx_word' id='word_1_114' title='bbox 1035 3029 1230 3127; x_wconf 85' lang='lat' dir='ltr'><strong>discipliure</strong></span> 
     </span>
     <span class='ocr_line' id='line_1_19' title="bbox 289 3157 1229 3256; baseline 0 -24"><span class='ocrx_word' id='word_1_115' title='bbox 289 3161 438 3256; x_wconf 75' lang='lat' dir='ltr'><strong>nunejus</strong></span> <span class='ocrx_word' id='word_1_116' title='bbox 463 3157 587 3231; x_wconf 89' lang='lat' dir='ltr'><strong>lumine</strong></span> <span class='ocrx_word' id='word_1_117' title='bbox 614 3158 794 3252; x_wconf 89' lang='lat' dir='ltr'><strong>plurimum</strong></span> <span class='ocrx_word' id='word_1_118' title='bbox 828 3159 1081 3250; x_wconf 83' lang='lat' dir='ltr'><strong>collustrantur,</strong></span> <span class='ocrx_word' id='word_1_119' title='bbox 1105 3161 1140 3234; x_wconf 90' lang='lat' dir='ltr'><strong>ln</strong></span> <span class='ocrx_word' id='word_1_120' title='bbox 1168 3179 1229 3232; x_wconf 82' lang='lat' dir='ltr'><strong>sex</strong></span> 
     </span>
     <span class='ocr_line' id='line_1_20' title="bbox 289 3288 999 3384; baseline 0 -23"><span class='ocrx_word' id='word_1_121' title='bbox 289 3288 358 3361; x_wconf 80' lang='lat' dir='ltr'><strong>fere</strong></span> <span class='ocrx_word' id='word_1_122' title='bbox 380 3309 498 3384; x_wconf 84' lang='lat' dir='ltr'><strong>genera</strong></span> <span class='ocrx_word' id='word_1_123' title='bbox 519 3289 697 3360; x_wconf 88' lang='lat' dir='ltr'><strong>commode</strong></span> <span class='ocrx_word' id='word_1_124' title='bbox 722 3288 823 3360; x_wconf 84' lang='lat' dir='ltr'><strong>dividi</strong></span> <span class='ocrx_word' id='word_1_125' title='bbox 849 3311 999 3384; x_wconf 89' lang='lat' dir='ltr'><strong>possunt.</strong></span> 
     </span>
    </p>

    <p class='ocr_par' dir='ltr' id='par_1_7' title="bbox 284 3415 1240 4158">
     <span class='ocr_line' id='line_1_21' title="bbox 338 3415 1228 3513; baseline -0.002 -21"><span class='ocrx_word' id='word_1_126' title='bbox 338 3418 497 3494; x_wconf 78' lang='lat' dir='ltr'><strong>Primum</strong></span> <span class='ocrx_word' id='word_1_127' title='bbox 536 3435 639 3513; x_wconf 83' lang='lat' dir='ltr'><strong>genus</strong></span> <span class='ocrx_word' id='word_1_128' title='bbox 672 3415 907 3511; x_wconf 86' lang='lat' dir='ltr'><strong>complectitur</strong></span> <span class='ocrx_word' id='word_1_129' title='bbox 935 3415 1228 3505; x_wconf 64' lang='lat' dir='ltr'><strong>Arithmetbm,</strong></span> 
     </span>
     <span class='ocr_line' id='line_1_22' title="bbox 288 3545 1231 3644; baseline 0 -26"><span class='ocrx_word' id='word_1_130' title='bbox 288 3546 468 3620; x_wconf 80' lang='lat' dir='ltr'><strong>adhibitum</strong></span> <span class='ocrx_word' id='word_1_131' title='bbox 495 3545 611 3616; x_wconf 82' lang='lat' dir='ltr'><strong>adres</strong></span> <span class='ocrx_word' id='word_1_132' title='bbox 637 3547 669 3617; x_wconf 91' lang='lat' dir='ltr'><strong>in</strong></span> <span class='ocrx_word' id='word_1_133' title='bbox 689 3547 756 3616; x_wconf 81' lang='lat' dir='ltr'><strong>rita</strong></span> <span class='ocrx_word' id='word_1_134' title='bbox 781 3547 918 3630; x_wconf 86' lang='lat' dir='ltr'><strong>sociali,</strong></span> <span class='ocrx_word' id='word_1_135' title='bbox 945 3550 978 3619; x_wconf 91' lang='lat' dir='ltr'><strong>in</strong></span> <span class='ocrx_word' id='word_1_136' title='bbox 1000 3549 1142 3644; x_wconf 84' lang='lat' dir='ltr'><strong>negotiis</strong></span> <span class='ocrx_word' id='word_1_137' title='bbox 1162 3567 1231 3643; x_wconf 91' lang='lat' dir='ltr'><strong>pu-</strong></span> 
     </span>
     <span class='ocr_line' id='line_1_23' title="bbox 290 3675 1240 3771; baseline 0 -23"><span class='ocrx_word' id='word_1_138' title='bbox 290 3679 387 3748; x_wconf 86' lang='lat' dir='ltr'><strong>blicis</strong></span> <span class='ocrx_word' id='word_1_139' title='bbox 409 3696 444 3749; x_wconf 90' lang='lat' dir='ltr'><strong>et</strong></span> <span class='ocrx_word' id='word_1_140' title='bbox 458 3677 612 3770; x_wconf 83' lang='lat' dir='ltr'><strong>privatis,</strong></span> <span class='ocrx_word' id='word_1_141' title='bbox 636 3675 814 3768; x_wconf 81' lang='lat' dir='ltr'><strong>praecipue</strong></span> <span class='ocrx_word' id='word_1_142' title='bbox 838 3677 873 3748; x_wconf 87' lang='lat' dir='ltr'><strong>in</strong></span> <span class='ocrx_word' id='word_1_143' title='bbox 896 3695 1079 3748; x_wconf 85' lang='lat' dir='ltr'><strong>merentum</strong></span> <span class='ocrx_word' id='word_1_144' title='bbox 1108 3678 1240 3771; x_wconf 82' lang='lat' dir='ltr'><strong>cogni··</strong></span> 
     </span>
     <span class='ocr_line' id='line_1_24' title="bbox 290 3801 1230 3898; baseline 0.002 -23"><span class='ocrx_word' id='word_1_145' title='bbox 290 3823 325 3875; x_wconf 90' lang='lat' dir='ltr'><strong>tu</strong></span> <span class='ocrx_word' id='word_1_146' title='bbox 351 3805 558 3876; x_wconf 71' lang='lat' dir='ltr'><strong>necessarius.</strong></span> <span class='ocrx_word' id='word_1_147' title='bbox 606 3801 740 3878; x_wconf 80' lang='lat' dir='ltr'><strong>Nostris</strong></span> <span class='ocrx_word' id='word_1_148' title='bbox 770 3805 867 3877; x_wconf 83' lang='lat' dir='ltr'><strong>etium</strong></span> <span class='ocrx_word' id='word_1_149' title='bbox 900 3805 1107 3898; x_wconf 82' lang='lat' dir='ltr'><strong>temporibus</strong></span> <span class='ocrx_word' id='word_1_150' title='bbox 1133 3803 1230 3878; x_wconf 75' lang='lat' dir='ltr'><strong>Circ-</strong></span> 
     </span>
     <span class='ocr_line' id='line_1_25' title="bbox 289 3931 1229 4028; baseline 0.004 -26"><span class='ocrx_word' id='word_1_151' title='bbox 289 3935 355 4003; x_wconf 85' lang='lat' dir='ltr'><strong>mio</strong></span> <span class='ocrx_word' id='word_1_152' title='bbox 385 3931 457 4026; x_wconf 78' lang='lat' dir='ltr'><strong>ejus</strong></span> <span class='ocrx_word' id='word_1_153' title='bbox 484 3933 607 4006; x_wconf 83' lang='lat' dir='ltr'><strong>auxilio</strong></span> <span class='ocrx_word' id='word_1_154' title='bbox 632 3936 680 4006; x_wconf 85' lang='lat' dir='ltr'><strong>uti</strong></span> <span class='ocrx_word' id='word_1_155' title='bbox 712 3935 837 4021; x_wconf 87' lang='lat' dir='ltr'><strong>coepit.</strong></span> <span class='ocrx_word' id='word_1_156' title='bbox 886 3933 1036 4008; x_wconf 82' lang='lat' dir='ltr'><strong>Maximo</strong></span> <span class='ocrx_word' id='word_1_157' title='bbox 1063 3955 1138 4028; x_wconf 83' lang='lat' dir='ltr'><strong>pars</strong></span> <span class='ocrx_word' id='word_1_158' title='bbox 1167 3935 1229 4006; x_wconf 86' lang='lat' dir='ltr'><strong>lm·</strong></span> 
     </span>
     <span class='ocr_line' id='line_1_26' title="bbox 284 4058 1231 4158; baseline 0 -24"><span class='ocrx_word' id='word_1_159' title='bbox 284 4063 338 4158; x_wconf 81' lang='lat' dir='ltr'><strong>jus</strong></span> <span class='ocrx_word' id='word_1_160' title='bbox 360 4058 634 4150; x_wconf 75' lang='lat' dir='ltr'><strong>Aritlrmctt‘cur,</strong></span> <span class='ocrx_word' id='word_1_161' title='bbox 667 4083 764 4158; x_wconf 85' lang='lat' dir='ltr'><strong>quum</strong></span> <span class='ocrx_word' id='word_1_162' title='bbox 792 4065 993 4156; x_wconf 77' lang='lat' dir='ltr'><strong>practicam</strong></span> <span class='ocrx_word' id='word_1_163' title='bbox 1017 4063 1128 4136; x_wconf 78' lang='lat' dir='ltr'><strong>dicero</strong></span> <span class='ocrx_word' id='word_1_164' title='bbox 1149 4083 1231 4156; x_wconf 82' lang='lat' dir='ltr'><strong>pos·</strong></span> 
     </span>
    </p>

    <p class='ocr_par' dir='ltr' id='par_1_8' title="bbox 1174 4211 1230 4264">
     <span class='ocr_line' id='line_1_27' title="bbox 1174 4211 1230 4264; baseline -0.036 0"><span class='ocrx_word' id='word_1_165' title='bbox 1174 4211 1230 4264; x_wconf 86' lang='lat' dir='ltr'><strong>su·</strong></span> 
     </span>
    </p>
   </div>
   <div class='ocr_carea' id='block_1_7' title="bbox 0 0 1430 4874">
    <p class='ocr_par' dir='ltr' id='par_1_9' title="bbox 0 0 1430 4874">
     <span class='ocr_line' id='line_1_28' title="bbox 0 0 1430 4874; baseline 0 1"><span class='ocrx_word' id='word_1_166' title='bbox 0 0 1430 4874; x_wconf 95' lang='lat' dir='ltr'><strong> </strong></span> 
     </span>
    </p>
   </div>
  </div>
 </body>
</html>
