2852 4874
388 481 916 562 Paoueooursm
1024 483 1123 587 ἠ

174 683 313 742 summo'
330 673 440 742 studio
470 673 637 758 metavit,
670 692 767 761 atque
788 647 960 764 plurimum
987 683 1124 766 amplifi}

170 789 280 873 avit,
310 789 446 876 tribuit,
478 809 551 858 eum
576 792 644 859 aliis
674 792 707 861 in
737 796 844 880 locis,
865 811 933 864 tum
955 796 1119 882 inprimis

169 906 204 974 iu
244 905 338 982 libris
369 893 412 976 d'e
440 907 582 992 Republ.
623 909 683 994 (1)
745 911 780 978 Si
820 929 893 978 eum
936 913 1116 998 audimus,

167 1021 359 1092 Geomemia
387 1039 438 1118 est
474 1023 739 1112 docuissemus,
771 1028 862 1120 quod
887 1047 1012 1114 semper
1036 1047 1116 1115 est,

167 1158 255 1224 quae
281 1139 366 1208 viam
396 1139 497 1226 aperit
527 1141 568 1208 ad
595 1161 705 1210 omnes
741 1143 816 1211 alias
847 1145 1030 1231 disciplinas
1063 1147 1114 1216 h:

164 1256 262 1324 tilius
300 1257 553 1343 perdiscendas,
595 1272 691 1342 atque
721 1259 871 1328 tardiores
904 1262 1056 1348 ingenio,
1087 1264 1116 1332 si

162 1377 237 1460 ejus
256 1375 368 1443 studio
394 1393 431 1442 se
451 1375 656 1457 tradiderint,
685 1377 844 1444 acutiores
866 1378 996 1460 reddit,
1019 1399 1113 1463 quam

162 1506 259 1562 tutet
277 1491 422 1560 fuerunt.
466 1491 566 1579 Optat
592 1493 708 1580 igitur,
737 1511 774 1560 ut
800 1495 1114 1578 adolescentes‚·na·

159 1621 255 1676 tura·
276 1610 418 1695 optimi,
456 1609 521 1696 ipsi
551 1610 628 1677 dent
661 1627 810 1694 operam3
843 1611 1051 1696 praesertim,
1084 1611 1114 1679 si

162 1729 295 1812 qnando
329 1727 368 1794 ad
398 1726 647 1814 rempublicam,
679 1729 773 1812 cujus
801 1725 957 1812 optimum
991 1725 1113 1796 statutis

160 1843 323 1927 finxerat,
343 1845 501 1913 aoeoesuri
521 1859 641 1912 essent.
685 1843 896 1928 Philosopho'
908 1841 1118 1918 notissimum,

158 1959 368 2030 Geometriae
390 1961 533 2030 studium
560 1959 842 2044 esssexistimat,
865 1961 1033 2044 'quoniam
1058 1963 1111 2034 it·

158 2105 212 2151 m
229 2083 301 2166 πρὸς
320 2081 464 2160 &haiim
488 2081 595 2164 ψυχήν
628 2081 674 2152 ἐς)
702 2080 754 2148 uui
783 2081 991 2162 evannum
1019 2085 1111 2164 Φιλο-

157 2197 259 2280 σόφου
294 2195 450 2275 διανοίας,
488 2197 560 2279 πρὸς
590 2197 626 2265 ri
651 2193 713 2264 ἅνω
733 2205 839 2280 exaio.
870 2191 895 2264 a
927 2198 977 2265 νῦν
992 2195 1108 2268 κάτω.

157 2316 191 2382 oi
215 2313 296 2388 iios.
323 2312 447 2395 lxousv.

200 2427 323 2512 Neque
330 2424 424 2494 etiam
439 2425 576 2494 dithitari
586 2439 719 2512 potest,
738 2427 818 2512 quin
826 2427 1026 2512 philosopho
1037 2423 1111 2494 Ma·

155 2545 287 2612 theseos
308 2525 447 2610 studium
469 2542 638 2612 marimum
657 2543 768 2612 afferat
787 2543 939 2612 fruemur.
983 2541 1109 2629 Optimi

156 2677 244 2730 certe
272 2647 461 2747 philosophi
492 2659 684 2729 recentiores
713 2664 849 2730 multum
880 2661 913 2728 in
939 2679 974 2728 ea
993 2677 1108 2744 operae

156 2769 358 2866 posueram,
376 2792 432 2846 aut
448 2780 557 2847 saltem
577 2779 697 2866 magnis
718 2797 787 2846 eam
806 2778 952 2846 laudibus
970 2777 1107 2862 amplifi·

155 2911 280 2966 camum.
305 2897 434 2963 Minora
449 2911 553 2963 autem
571 2881 719 2964 videmur
734 2913 806 2964 esse
824 2895 1114 2977 commoda,quae·

154 3013 362 3099 Philosophia
392 3029 530 3100 praestat
560 3012 716 3080 Mathosi.
772 3011 855 3078 suut
888 3025 1013 3091 umen,
1054 3027 1106 3076 ea·

155 3149 218 3218 que
249 3129 401 3218 profecto
429 3131 514 3200 haud
543 3129 796 3210 contemnenda,
826 3129 1027 3211 multumque
1054 3127 1113 3193 in·-

157 3261 276 3331 terest,
299 3261 406 3315 utrum
428 3247 501 3331 quis
524 3245 769 3316 Mathematicus
791 3245 1030 3330 Philosophiam
1055 3258 1103 3310 at·

158 3365 287 3453 tigerit,
308 3383 367 3434 uec
388 3383 441 3432 ue.

196 3479 374 3550 Anima
398 3503 431 3550 a.
475 3480 576 3548 Multi
605 3479 791 3566 philosophi
817 3495 964 3561 veteres,
991 3494 1112 3562 magna.

156 3597 342 3674 auctoritate
358 3597 533 3679 florentes,
552 3597 714 3666 Mathesin
735 3611 856 3683 partem
878 3597 981 3682 ipsios
992 3594 1100 3661 Phiio-

143 3714 289 3801 -aophiae
304 3733 376 3782 esse
397 3715 593 3794 voluerunt..
618 3715 825 3782 Recentiores
848 3714 992 3800 plerique
1002 3713 1034 3780 id
1046 3730 1101 3780 ne·

159 3847 252 3918 pant,
275 3831 309 3920 iu
330 3829 449 3914 quibus
469 3831 625 3912 Kantios,
648 3832 798 3914 quoniam
819 3849 859 3900 ex
881 3832 1007 3901 illorum
1028 3849 1101 3898 seu·

1032 3963 1112 4018 tem·

194 4083 237 4158 (ri
256 4083 298 4142 Ui
314 4083 384 4141 vti.
402 4103 462 4158 pap.
482 4085 601 4156 rifi-rii
620 4085 662 4142 ed·
682 4085 792 4156 Biponl.
882 4137 883 4142 ,
