2856 4862
376 473 924 572 'Praonpooucun
1105 493 1154 574 75

187 665 251 742 ‘nd
271 682 343 740 rem
366 668 671 764 pertineat,·atque
700 664 826 762 reliqna
859 663 1084 762 (latitudinum
1115 689 1150 742 et

193 780 477 890 ¹crassitudinem)
502 798 656 886 omittam
679 793 761 868 nihil
789 793 950 890 impedit,
987 816 1059 888 quo
1086 805 1149 868 mi·

205 945 269 996 nos
296 923 381 998 haec
403 922 491 996 linea
517 923 689 1020 (quamvis
720 921 886 1019 designato
907 918 1060 1007 calamo,
1090 941 1149 994 aut

104 1143 107 1150 ‚
202 1053 274 1127 alio
303 1055 539 1142 instrumento,
569 1053 645 1124 satis
671 1053 821 1148 magliam
851 1047 970 1121 habeat
997 1045 1146 1120 latitudi-

203 1181 307 1275 nem)
347 1201 501 1278 expressa
529 1199 629 1274 atque
658 1179 818 1258 eminens
835 1174 1073 1247 sit-distantiae
1099 1192 1148 1246 at·
1267 1231 1274 1245 .

203 1334 273 1410 que
300 1310 489 1385 directionis
520 1309 656 1406 effigies.
707 1303 867 1378 Similiter
898 1304 927 1374 sl
957 1305 1146 1376 communis

203 1441 356 1516 omnium
384 1433 622 1532 triangulorum
651 1429 843 1504 isoscelium
873 1431 1039 1525 quaeritur
1067 1445 1146 1504 nota

200 1567 263 1663 (v.
292 1588 346 1654 c,
381 1565 518 1662 angulos
545 1561 587 1635 ad
610 1561 704 1634 basin
730 1577 802 1630 esse
832 1553 1026 1653 aequales),
1064 1559 1147 1629 ima·

203 1699 370 1798 giracium
388 1695 473 1768 duce
493 1713 600 1768 unum
624 1690 834 1786 designamus
856 1684 1056 1784 triangulum
1079 1687 1147 1760 iso·

200 1827 315 1920 scele;
336 1824 428 1920 quod
452 1841 582 1910 umen,
606 1839 645 1893 ut
665 1837 821 1892 numerus
851 1811 1044 1889 universalis
1070 1823 1148 1886 oni·

199 1979 279 2033 nem
297 1975 473 2030 numerum
492 1951 762 2034 ducaminantm,
784 1944 966 2048 maronia
987 1939 1147 2040 clanguit

200 2083 356 2188 isoscelis
394 2096 635 2176 repraesentare
665 2075 793 2163 debet,
832 2093 901 2147 non
929 2071 1053 2146 'solum
1085 2091 1171 2156 ea..

199 2215 328 2310 quibos
360 2210 402 2282 ad
439 2210 599 2284 verticem
635 2223 688 2276 est
716 2200 857 2300 angulus
894 2219 1040 2288 acutus,
1086 2197 1146 2274 sed
1186 2276 1190 2284 ,
1330 2255 1338 2270 .

198 2345 322 2432 etiam
345 2340 466 2437 quibus
481 2339 538 2415 hic
558 2333 697 2431 angulus
724 2351 775 2406 est
800 2349 933 2416 rectus,
953 2347 1011 2404 aut
1031 2329 1139 2402 obtu-

202 2496 270 2548 sus.
329 2468 547 2566 Intelligenda
580 2465 680 2560 igitur
712 2464 747 2534 in
776 2455 1031 2553 contemplando
1073 2456 1143 2528 hoc

202 2600 392 2699 mangulo,
415 2616 532 2672 omues
554 2593 708 2690 praeterit
725 2608 839 2676 notas,
861 2587 987 2682 quibus
1009 2583 1052 2657 ab
1065 2582 1147 2656 ‘aliis

200 2729 369 2828 triangulis
398 2721 594 2802 isoscelibus
623 2719 750 2808 didam
776 2715 881 2792 solum
907 2712 1138 2810 aequalitatem
1192 2695 1194 2698 ⁵

201 2863 345 2937 duorum
376 2856 542 2942 laterum,
567 2871 652 2946 quae
678 2846 835 2920 omnibus
858 2843 1046 2917 commonia
1064 2860 1143 2927 est,

200 2993 336 3074 retinet,
356 3002 498 3078 eamque
526 3000 604 3052 curn
634 2971 913 3069 consequentibus
945 2972 979 3044 ln
1006 2965 1144 3042 medita·

44 3171 47 3178 ·
199 3122 295 3195 done
315 3115 539 3210 conjungens,
559 3106 657 3178 aliam
678 3119 894 3178 communem
910 3115 1024 3172 notam
1050 3099 1142 3168 inve-
1184 3085 1191 3102 '

198 3251 253 3324 sit
272 3265 373 3341 noque
397 3241 610 3314 &monstru-
662 3232 756 3308 Haec
782 3233 875 3304 actio
906 3225 1140 3324 intelligentiae

199 3403 247 3456 ex
269 3392 448 3472 eogenere
473 3389 545 3454 estu
576 3363 668 3460 quod
693 3361 790 3436 Plato
811 3379 888 3432 rere
910 3355 1011 3432 dicit:
1037 3347 1141 3439 dral-

201 3533 282 3583 rrorr
317 3501 367 3579 tls
397 3497 481 3575 durat
510 3493 669 3578 σκοπεῖν,
701 3491 838 3587 eiusque
858 3485 966 3560 simile
986 3482 1066 3578 quid
1090 3485 1141 3554 in·

200 3640 332 3714 venitur
363 3635 401 3706 in
431 3629 477 3704 iis
509 3618 694 3720 exemplis,
732 3620 855 3714 quibus
892 3614 1035 3708 aliquam
1066 3631 1137 3686 rem

200 3759 417 3841 universalem
455 3777 513 3830 aut
542 3754 713 3826 notionem
753 3745 962 3840 perspicuam
1004 3736 1140 3810 reddere

201 3911 376 3972 conamur.
412 3885 555 3964 Nullum
576 3884 666 3953 enim
679 3872 842 3974 ejusmodi
862 3865 1053 3962 exemplum
1065 3887 1141 3938 om·

203 4021 304 4104 nibus
318 4017 467 4120 pambus
487 4027 523 4090 et
537 4009 684 4090 numetis
702 4019 781 4080 tum
797 4013 833 4078 re
853 3994 1042 4106 illustprnda
1058 4016 1144 4069 con·

1085 4139 1142 4193 ve·
