2878 4860
406 457 932 532 Pttntaoorunutt.
1077 457 1144 564 533

133 683 135 688 ¹
208 653 412 739 nationum,
449 673 648 747 quamquam
675 652 811 744 proprie
832 668 882 724 cst
909 666 1062 743 negans,
1096 669 1142 724 ta·
1179 700 1181 708 ·

207 773 284 852 oren
310 799 354 851 eo
379 781 484 876 magis
510 802 573 875 pro
599 779 776 852 affirmante
798 779 946 850 habenda
974 798 1046 866 est,
1070 801 1141 872 qus

204 907 349 1004 amplior
370 907 494 982 esttiile
514 929 715 996 consensus,
740 908 825 985 adeo
847 927 885 980 ut
898 927 937 978 ea
950 909 1145 984 enunciatio

201 1039 255 1114 ait.
272 1040 461 1126 verissima,
491 1057 535 1110 ex
557 1059 626 1131 qua
641 1036 762 1124 nihil,
799 1035 892 1131 quod
922 1036 1040 1109 falsum
1073 1037 1115 1106 sit
1125 1081 1143 1124 ,.

202 1165 473 1260 consequatur(
500 1163 533 1258 ).
866 1201 869 1206 ·
1127 1199 1133 1240 t

184 1315 224 1382 ,ι’
249 1296 287 1368 6.
311 1295 388 1373 Alia
408 1312 515 1365 autern
532 1297 616 1366 ratio
638 1313 689 1366 est
709 1311 821 1364 aarum
847 1295 1113 1368 enuntiationum
1124 1313 1144 1380 t·

199 1443 286 1520 quac
324 1425 494 1498 homiuum
535 1425 681 1495 nituntur
712 1425 925 1510 testimonio,
975 1429 1134 1496 memoria
1222 1519 1236 1547 .

198 1571 328 1641 renam,
372 1553 582 1624 revocatione
610 1553 872 1645 imaginationis,
919 1555 1135 1646 perceptione

196 1681 323 1752 interna
352 1700 388 1753 et
408 1700 569 1768 etttcrnu,¹
595 1683 624 1752 si
650 1682 749 1753 nobis
777 1683 911 1754 conscii·
928 1703 1060 1767 sumus,
1096 1685 1133 1754 in

197 1811 280 1903 ipsis
296 1807 394 1882 facile
414 1829 558 1882 errorem
575 1830 647 1881 esse
675 1813 846 1904 potuisse,
872 1828 942 1882 turn
965 1814 1064 1884 etiam
1093 1811 1135 1882 ii·

197 1937 324 2026 larum,
357 1959 440 2032 quae
469 1959 512 2012 ert
538 1922 686 2034 analogia
712 1958 748 2009 et
772 1939 964 2010 inductione
986 1945 1065 2010 satis
1084 1945 1132 2012 in·

197 2067 368 2162 completa
409 2065 625 2163 colliguntur.
700 2065 774 2138 Hae
814 2087 930 2138 omnes
969 2067 1133 2144 diversant

195 2197 319 2275 babent
335 2194 622 2292 probabilitatem,
646 2195 860 2290 diversosque
881 2195 1000 2291 gradtu
1025 2219 1135 2272 assen-

194 2347 273 2414 sus,
313 2327 361 2396 ita
389 2344 426 2396 ut
454 2323 537 2395 aliae
566 2322 852 2416 prosternatione,
878 2323 958 2395 aliae
990 2331 1133 2400 maxime

194 2453 388 2526 assertoriae
407 2471 479 2523 esse
499 2450 679 2530 videantur.
741 2451 826 2522 Aliis
854 2454 954 2524 etiarn
985 2453 1131 2528 hominia

193 2585 278 2670 bus,
324 2601 425 2676 atque
457 2579 527 2652 alio
557 2598 707 2671 ternpore
734 2579 817 2650 alius
850 2599 902 2652 est
934 2587 1130 2657 assensionis

194 2709 333 2797 modus,
356 2725 457 2805 quern
482 2705 589 2778 eidem
618 2707 767 2780 tribuunt
796 2713 985 2784 sententiae.
1036 2705 1132 2810 Qua-²
1189 2707 1192 2716 ’

193 2863 229 2915 re
265 2843 364 2913 etiam
396 2837 638 2916 Mathematici¹
672 2837 735 2908 hos
780 2838 1023 2928 probabilitatis
1054 2819 1129 2938 gro-³

87 3029 94 3042 .
193 2971 255 3045 rius
298 2967 520 3042 Arithmetico
558 2965 727 3036 sumittere
767 2967 903 3038 calculo
943 2941 1129 3070 tentarunt-‚J

193 3121 260 3196 qua
290 3117 398 3172 tamen
435 3103 469 3169 in
504 3113 539 3164 re
578 3071 730 3166 bonnoni
761 3091 862 3166 ultra
903 3116 963 3168 eos
1008 3077 1130 3204 limites¹

192 3227 358 3326 progressi
390 3243 486 3312 suut,
523 3243 610 3318 quos
643 3243 761 3297 natura
787 3243 821 3296 et
847 3229 930 3299 ratio
960 3231 1007 3300 tei
1045 3252 1131 3324 cont

189 3360 378 3442 stituerunt.

1013 3463 1207 3591 ..7.¹

193 3667 267 3750 ²¹(1)
294 3695 323 3748 p.
347 3691 406 3729 aro.
435 3669 548 3725 Couiar.
574 3667 674 3740 Rrug
702 3675 883 3748 Pisaeologt'a
902 3679 973 3736 ,oder
997 3681 1128 3747 maruha,

188 3773 368 3846 Abergloubr
387 3773 445 3830 arrad
459 3770 615 3842 Isnglouhe
643 3771 720 3824 1825.
741 3791 771 3840 p·
790 3791 944 3845 attrpqqq
960 3780 1021 3848 ·qui
1048 3772 1128 3836 orium
1158 3817 1160 3824 .

189 3849 332 3950 sonutam
354 3872 393 3923 iia
418 3869 534 3934 definit,
552 3876 584 3921 ut
600 3871 637 3923 ait
657 3851 873 3942 convenientia„
890 3895 960 3946 quaa
979 3881 1130 3940 intercedat

188 3946 390 4030 interpositas
412 3971 684 4040 repraesentationes.
825 4041 829 4054 ,
851 3953 853 3958 ⁵
1123 3954 1126 3965 ¹
