2852 4874
259 447 360 521 »ao
519 443 1048 534 Prtottoousnun.

364 644 450 715 Sunt
463 650 574 713 autem
588 643 799 737 quantitatis
811 643 941 714 multae
953 658 1053 714 notat
1066 653 1270 722 cerussae,

313 792 399 870 quae
417 771 459 844 ad
482 791 667 844 accuratam
690 791 893 855 mensuram,
923 774 990 841 site
1012 769 1052 840 ad
1068 767 1273 840 mathomus

314 903 415 984 ticam
438 901 617 986 rationem,
644 920 711 970 non
736 921 811 972 sunt
836 919 1029 986 revocatae3
1051 917 1135 990 quas
1158 914 1273 966 rocoa

316 1025 406 1100 bulis
423 1047 613 1123 magnum,
646 1050 804 1122 paruum,
837 1031 996 1112 nimium,
1023 1047 1162 1122 parum,
1187 1047 1269 1096 mm

314 1149 455 1242 diocte,
477 1158 637 1254 longum,
664 1159 778 1240 breve,
804 1159 907 1250 muira
920 1207 934 1246 ,
950 1178 1075 1251 pauca,
1089 1155 1266 1240 calidum,

313 1277 493 1384 frigidum,
525 1285 682 1374 clerum,
721 1287 924 1372 obscurtm,
953 1287 1067 1374 dives,
1104 1297 1268 1378 pauper,'

314 1415 453 1512 aliisque
470 1416 691 1513 designamus.
723 1414 853 1488 Eodem
870 1416 1088 1488 modoetiam
1109 1435 1187 1486 sunt
1203 1437 1269 1488 no·

315 1564 375 1622 tae
390 1533 575 1644 qualitatis
588 1566 655 1616 non
678 1547 774 1639 justis
798 1547 944 1616 tanninis
967 1545 1267 1637 circumscriptae,

313 1675 430 1769 quales
448 1693 543 1758 sunt,
569 1674 748 1761 colorum,
773 1693 873 1769 atque
897 1673 1000 1747 multa
1020 1675 1083 1762 alia
1102 1674 1268 1746 attributa

313 1806 496 1899 corporum
517 1822 552 1872 et
572 1823 693 1875 rerum.
728 1800 782 1876 Ex
805 1825 876 1896 quo
893 1802 1042 1874 nonnulli
1061 1801 1267 1894 philosophi

313 1952 440 2003 veteres
459 1929 675 2017 Academici,
700 1930 863 2027 Megarici
886 1953 986 2026 atque
1009 1931 1064 2003 ulii
1083 1932 1269 2003 concluse·

312 2037 411 2147 runt,
442 2080 500 2132 aut
532 2062 775 2134 controversiae
812 2081 934 2144 causa,
965 2064 998 2164 in
1032 2062 1262 2153 disputatione

313 2213 393 2264 cum
421 2190 563 2278 Stoicis,
590 2191 634 2274 id
663 2211 698 2260 se
732 2189 930 2262 concludere
961 2189 1175 2276 simularunt,
1200 2192 1262 2262 hss

312 2324 467 2395 notiones
483 2339 554 2390 esse
571 2339 705 2412 prorsus
726 2319 840 2406 falsam
861 2318 902 2388 ad
925 2320 1017 2412 quod
1029 2318 1259 2392 demonstran·

314 2449 395 2524 dum
421 2450 597 2521 utebantur
611 2448 761 2542 captioso
792 2446 851 2519 illo
871 2447 1088 2544 interrogandi
1109 2469 1258 2544 genere,

312 2577 405 2673 quod
451 2577 586 2650 Sorisas
623 2577 808 2662 uocabant,
847 2578 915 2648 sive
953 2598 1089 2648 aceruos
1122 2581 1224 2650 tritici
1244 2597 1265 2666 ς·

312 2707 399 2780 unde
434 2707 532 2778 etiam
566 2707 694 2778 efficere
716 2707 948 2798 ,conabantun
997 2695 1078 2779 nihil
1120 2727 1264 2780 certum

313 2855 385 2909 ease
411 2838 445 2906 in
473 2837 667 2931 cognitione
692 2835 834 2906 humana
859 2832 879 2926 (
904 2833 939 2926 ).

362 2964 513 3037 Cuilibet
537 2966 603 3048 rei,
628 2983 712 3055 quae
742 2962 848 3056 aliqua
879 2964 1018 3035 notione
1038 2966 1164 3060 signata
1183 2987 1258 3051 est,

316 3092 505 3168 tribuendae
531 3112 607 3164 sunt
631 3111 747 3165 omnes
764 3113 884 3178 norae,
909 3115 992 3185 quae
1021 3095 1099 3165 huic
1124 3098 1258 3170 notioni

315 3226 446 3306 insunt;
481 3242 580 3314 quate
606 3223 666 3292 hae
701 3240 798 3291 notae
829 3221 983 3293 dicuntur
1015 3226 1230 3300 necessariae
1242 3275 1257 3314 ,

314 3372 370 3424 aut
399 3351 608 3458 essentiales,
652 3351 807 3442 quoniam
834 3357 995 3422 naturam'
1012 3355 1159 3426 notionis
1187 3357 1258 3430 effi·

314 3453 427 3576 ciunt,
451 3499 507 3550 aut
529 3482 627 3550 eriam
652 3479 903 3568 immutabiles,
928 3501 1006 3552 cum
1017 3529 1031 3568 ‚
1047 3484 1110 3553 nisi
1127 3483 1257 3556 sublata

1203 3615 1257 3712 ip·

349 3817 391 3896 (s)
408 3815 563 3898 Mieandrun
580 3821 704 3887 profecto
722 3829 784 3885 est,
814 3818 924 3876 Stoicos
941 3821 1037 3876 harum
1055 3823 1260 3894 interrogatio-2,

313 3935 378 3972 num
396 3917 498 3986 laqueis
515 3919 552 3970 iia
569 3919 691 3971 irretitos
708 3921 811 3982 luisse,
840 3929 870 3974 ui
898 3920 931 3972 sd
949 3929 1034 3974 artem
1059 3923 1166 3976 meandi
1183 3943 1254 3999 cun.

309 4019 444 4110 ingerent.
464 4019 543 4091 Onus.
564 4021 647 4086 Acuti.
669 4017 780 4090 Quanti.
800 4017 852 4074 lv.
871 4040 894 4074 c.
915 4024 947 4076 ra
964 4029 992 4074 el
1008 4041 1052 4092 29·
